4642 6650
1479 713 1569 757 nn
1616 712 1970 759 mrs‘rssmxs
2019 713 2104 757 ΕΤ
2150 713 2368 759 mmm
3281 697 3362 760 15

489 804 1273 814 ——ffl-ffl—*ffl
1770 806 1809 814 ..-
1834 805 2003 812 —..-—-·--
2058 806 2203 812 ...ub-
2224 806 2674 813 -.--—.--—.-—..--—-—--
2701 805 3104 813 *uum-*i*-

486 932 835 1029 palparet
889 952 1107 1005 eum:
1176 935 1208 968 “
1282 931 1448 1007 Vox
1515 932 1820 1028 quidem
1892 956 2045 1008 vox
2112 933 2363 1023 Iacob,
2423 957 2695 1007 manus
2772 938 3034 1009 autem
3093 957 3363 1009 manus

488 1060 670 1130 sunt
722 1056 927 1130 Esau
974 1113 1036 1145 „.
1092 1058 1293 1155 Ergo
1347 1081 1482 1153 per
1534 1058 1720 1133 haec
1758 1057 2131 1132 sollicitus
2187 1059 2265 1131 in
2323 1058 2528 1132 Esau
2566 1058 2832 1134 Isahac
2880 1060 3194 1135 docetur
3249 1059 3360 1133 af-

485 1182 770 1271 fectus;
830 1206 982 1278 quo
1038 1187 1303 1278 postea
1339 1186 1774 1259 revertente
1813 1206 1906 1257 ex
1943 1206 2126 1279 agro
2167 1187 2248 1258 et
2287 1186 2598 1275 venatu,
2653 1187 2732 1259 et
2788 1207 2866 1259 se
2921 1186 3126 1281 patri
3160 1188 3359 1258 tam-

489 1330 720 1402 quam
792 1309 1384 1404 primogenitum
1412 1300 1437 1343 ¹
1495 1312 1585 1382 ut
1659 1308 2059 1383 benedicat
2133 1310 2212 1381 in
2279 1311 2633 1403 gentem,
2693 1313 2773 1384 et
2839 1311 3365 1406 praereptione

490 1438 902 1529 comperta,
962 1434 1229 1510 Isahac
1283 1458 1435 1509 non
1492 1437 2040 1524 commovetur,
2101 1435 2287 1529 quin
2343 1434 2599 1530 potius
2665 1436 2745 1508 in
2817 1436 3363 1512 benedictionis

488 1560 723 1655 ipsius
779 1558 1357 1635 confirmatione
1411 1561 1775 1657 persistit,
1837 1560 2088 1634 dicens
2126 1550 2195 1632 ²:
2264 1563 2295 1594 “
2346 1558 2424 1633 Si
2479 1560 2871 1634 dominum
2937 1562 3156 1635 illum
3220 1561 3366 1635 feci

488 1689 737 1777 tuum,
797 1689 878 1760 et
933 1708 1194 1762 omnes
1259 1686 1537 1762 fratres
1602 1686 1764 1762 eius
1822 1685 1967 1760 feci
2033 1685 2148 1758 illi
2212 1706 2493 1776 servOS,
2567 1685 2954 1761 frumento
3020 1690 3103 1761 et
3186 1687 3365 1763 vino

490 1809 934 1884 confirmavi
973 1833 1191 1885 eum:
1267 1811 1414 1885 tibi
1445 1813 1707 1885 autem
1749 1808 1931 1905 quid
1986 1807 2285 1899 faciam,
2344 1808 2503 1882 fili‘e
2537 1866 2566 1897 „
2635 1809 2828 1895 Quin
2868 1811 3123 1906 potius
3177 1810 3368 1885 fletu

493 1938 572 2007 et
628 1933 1005 2030 lacrymis,
1062 1938 1155 2009 ut
1235 1958 1315 2010 se
1395 1935 1901 2024 benediceret,
1989 1933 2428 2028 deprecanti
2501 1933 2614 2006 ita
2695 1934 2848 2009 ait:
2917 1939 2949 1972 “
3012 1935 3203 2011 Ecce
3268 1937 3365 2010 ab

491 2058 850 2134 ubertate
903 2063 1158 2135 terrae
1214 2062 1362 2136 erit
1416 2060 1798 2135 habitatio
1856 2063 2019 2144 tua,
2064 2062 2144 2134 et
2200 2082 2246 2131 a
2300 2082 2473 2134 rore
2511 2060 2700 2134 coeli
2740 2060 3121 2152 desusum,
3154 2064 3235 2136 et
3288 2061 3368 2135 in

491 2183 745 2278 gladio
802 2187 940 2259 tuo
981 2186 1218 2277 viveS,
1261 2189 1340 2260 et
1379 2185 1605 2259 fratri
1657 2187 1797 2258 tuo
1838 2184 2160 2260 servies:
2204 2184 2356 2257 erit
2384 2186 2668 2274 autem,
2710 2207 2883 2258 cum
2931 2184 3370 2281 'deposueris

491 2308 756 2402 iugum
811 2309 1047 2404 ipsius
1105 2335 1150 2384 a
1208 2312 1401 2385 collo
1440 2315 1577 2385 tuo
1626 2367 1689 2399 „.
1748 2309 1965 2383 Unde
2006 2308 2244 2405 igitur
2281 2308 2469 2383 haec
2508 2310 2900 2383 conversio
2939 2311 3368 2385 voluntatis

494 2431 652 2504 esti
708 2434 788 2506 et
844 2456 978 2506 cur
1033 2434 1385 2510 dissentit
1438 2460 1486 2509 a
1522 2457 1600 2510 se
1638 2435 1966 2510 hominis
2005 2434 2345 2525 affectus,
2387 2433 2530 2507 nisi
2579 2435 2777 2530 wquod
2839 2456 3084 2509 sermo
3141 2435 3368 2528 scrip-

493 2557 756 2647 turae,
815 2560 895 2631 et
950 2560 1045 2631 ad
1101 2582 1358 2634 rerum
1414 2559 1949 2648 efficientiam,
2010 2561 2090 2632 et
2146 2558 2244 2630 ad
2301 2558 2455 2653 spei
2517 2559 3121 2655 expectationem
3174 2561 3370 2631 tem-

493 2684 854 2777 peratur?
933 2678 1540 2760 Sollicitudinem
1614 2686 2159 2782 interrogantis
2209 2684 2219 2776 Ι
2269 2685 2362 2757 de
2420 2687 2696 2760 affectu
2765 2684 3016 2781 patrio
3070 2685 3370 2775 habuit,

495 2806 1099 2884 demutationem
1126 2798 1154 2841 ³
1193 2811 1739 2887 benedictionis
1779 2813 1870 2888 de
1909 2815 2292 2908 spirituali
2330 2814 2648 2889 scientia
2704 2812 3158 2907 abnegavit:
3218 2809 3373 2883 illic

493 2953 651 3005 rem
706 2935 1034 3007 naturae
1092 2935 1272 3030 egit,
1329 2937 1452 3011 hic
1487 2938 2151 3032 praeformationis
2190 2939 2535 3014 ordinem
2593 2937 2887 3013 tenuit:
2949 2936 3104 3009 11110
3151 2937 3372 3030 pater

494 3055 574 3129 in
628 3059 1119 3155 primogeniti
1193 3062 1795 3138 sanctificatione
1860 3065 2232 3138 sollicitus
2301 3068 2442 3156 est,
2509 3064 2631 3138 hic
2697 3064 2775 3136 in
2849 3058 3372 3135 benedictione

494 3184 758 3278 populi
812 3183 1130 3260 iunioris
1184 3187 1629 3285 prophetiae
1684 3190 1960 3284 spiritu
2017 3192 2492 3285 perseverat:
2552 3192 2633 3263 et
2688 3209 2851 3260 rem
2908 3187 3198 3280 gestam
3256 3182 3370 3254 hi-

496 3309 735 3384 storia
789 3308 1156 3407 loquitur,
1199 3316 1278 3388 et
1334 3338 1543 3410 spem
1580 3314 2176 3412 praefiguratam
2216 3340 2398 3390 suus
2440 3314 2621 3388 ordo
2667 3337 2821 3387 non
2878 3311 3181 3386 deserit.
3228 3307 3370 3384 Sed

496 3458 592 3510 ne
646 3436 726 3509 in
782 3459 870 3511 eo
929 3437 1231 3532 quidem
1291 3443 1733 3537 prophetica
1786 3444 1988 3517 ratio
2047 3444 2394 3533 cessavit,
2437 3441 2624 3536 quin
2661 3441 3011 3535 peccator
3049 3440 3128 3511 et
3166 3435 3373 3531 prior

494 3562 821 3657 populus
859 3562 1464 3639 benedictionem
1503 3567 1763 3662 populi
1818 3567 2135 3642 iunioris
2175 3570 2431 3663 posset
2467 3586 2793 3660 sperare,
2834 3563 2897 3638 si
2954 3559 3293 3636 crederet
3318 3549 3369 3632 ⁴¹.

498 3686 863 3760 Omnibus
919 3688 1119 3762 enim
1178 3684 1444 3786 patet⁶
1497 3692 1752 3765 aditus
1791 3693 1890 3765 ad
1927 3693 2296 3779 salutem3
2339 3694 2421 3765 et
2476 3689 2624 3764 iter
2683 3680 3087 3762 vitae‘non
3142 3683 3372 3757 mole·

496 3811 661 3886 stiis
718 3813 898 3905 suis,
955 3838 1154 3910 quae
1212 3817 1479 3912 utique
1516 3818 1777 3892 nullae
1814 3821 2018 3909 sunt,
2058 3818 2190 3892 sed
2230 3818 2532 3891 arbitrii
2569 3814 2816 3889 nostri
2853 3815 3019 3887 iure
3077 3810 3374 3885 difficile

498 3942 638 4011 est.
678 3938 798 4011 Ad
835 3941 1437 4036 consequendam
1469 3943 1673 4017 enim
1712 3943 1851 4020 Dei
1890 3932 2487 4018 misericordiam
2526 3942 2908 4014 humanae
2943 3935 3375 4013 voluntatis

498 4066 614 4136 est
667 4085 921 4151 mora;
983 4065 1186 4160 quod
1243 4089 1336 4140 ex
1390 4068 1533 4141 hoc
1584 4068 1769 4162 ips0,
1828 4069 1961 4163 qui
2017 4068 2107 4141 de
2164 4067 2366 4141 Esau
2425 4069 2564 4156 est,
2605 4086 2951 4139 sermone
2988 4061 3079 4136 fit
3118 4059 3372 4156 cogni-

494 4191 687 4262 tum.
728 4188 1083 4264 Benedici
1138 4192 1342 4264 enim
1398 4214 1480 4266 se
1534 4195 2002 4288 poposcerat,
2045 4192 2177 4266 sed
2213 4195 2436 4287 pater
2492 4189 2929 4287 spirituali⁰
2985 4189 3203 4260 motu
3258 4185 3372 4256 in·

499 4312 821 4387 stinctus
877 4336 1055 4387 eum
1111 4318 1192 4389 et
1247 4317 1548 4390 saeculo
1614 4316 2000 4412 relinquit,
2043 4320 2122 4391 et
2178 4316 2431 4411 gladio
2473 4315 2838 4411 permisit,
2873 4316 2953 4388 et
3008 4310 3373 4387 servituti

499 4437 759 4512 fratris
817 4439 1133 4514 addixit.
1194 4439 1340 4515 Sed
1394 4464 1491 4516 ne
1544 4442 1729 4515 haec
1786 4443 1869 4514 in
1925 4445 2382 4537 perpetuum
2441 4445 2521 4516 et
2575 4443 2737 4514 sine
2800 4438 3054 4514 reditu
3111 4435 3366 4533 poeni-

497 4563 789 4638 tentiae
844 4564 1149 4640 decreta
1214 4565 1858 4656 existimarentur,
1929 4566 2559 4656 benedictionem,
2619 4588 2849 4659 quam
2906 4561 3374 4658 postulabat,

500 4691 578 4761 in
633 4689 711 4763 id
768 4690 1105 4779 distulit;
1165 4715 1337 4766 cum
1393 4694 1661 4788 iugum
1725 4692 1886 4766 eius
1944 4691 2415 4766 dominaturi
2471 4690 2734 4764 fratris
2803 4688 3276 4784 deposuisset
3332 4708 3379 4759 a

497 4817 692 4890 collo
747 4840 908 4892 suo.
969 4817 1103 4891 Sui
1157 4840 1337 4914 ergo
1393 4819 1856 4913 relinquitur
1910 4818 2100 4892 iuris
2156 4820 2422 4912 iugum
2479 4818 2880 4912 deponere,
2941 4814 3123 4909 quia
3207 4811 3377 4884 uni-

498 4942 768 5036 cuique
823 4942 920 5015 ad
978 4941 1202 5017 fidem
1258 4943 1377 5032 ius
1432 4944 1782 5038 propriae
1821 4942 2251 5017 voluntatis
2307 4944 2426 5016 est
2462 4941 2813 5029 liberum,
2856 4936 3380 5013 benedictione

660 5193 676 5224 ¹
712 5181 1036 5263 Corruptio
1065 5184 1383 5264 archetypi
1411 5205 1631 5264 nempe
1659 5190 1913 5265 propter
1939 5190 2334 5261 vetustatem,
2364 5203 2488 5246 non
2511 5181 2767 5260 librarii,
2798 5179 2898 5258 qui
2929 5177 3121 5242 verba
3147 5176 3380 5239 incerte

496 5282 775 5342 natantia
817 5283 1210 5360 excerpebat:
1252 5283 1343 5343 ita
1384 5289 1591 5343 tamen
1632 5281 2078 5343 emendandum
2121 5287 2248 5342 est:
2299 5303 2329 5338 ‹
2355 5281 2439 5340 Et
2479 5300 2548 5341 se
2591 5278 2857 5341 offerens
2881 5275 3047 5355 patri
3075 5282 3382 5352 tamqnam

498 5380 974 5459 primogenitum
992 5404 1023 5439 »
1055 5415 1139 5427 --
1166 5390 1187 5422 ²
1218 5382 1442 5444 Genesi.
1475 5382 1752 5457 XXVII,
1786 5383 1862 5442 37
1868 5384 1973 5440 -40
1999 5416 2080 5427 —
2108 5389 2128 5420 ³
2157 5381 2297 5440 Hac
2324 5399 2475 5441 voce
2503 5398 2951 5455 nonnumquam
2989 5377 3187 5436 utitur
3213 5374 3384 5434 Hila-

495 5482 644 5542 rius.
673 5481 769 5540 De
796 5481 1019 5542 Trinit.
1057 5483 1110 5559 Ι,
1138 5502 1188 5542 0.
1221 5484 1278 5560 9,
1309 5490 1373 5543 et
1401 5487 1614 5543 contra
1645 5481 2068 5541 Constantium
2098 5501 2111 5540 ε
2161 5502 2190 5537 ‹
2217 5479 2378 5552 Quia.
2407 5478 2553 5539 mali
2582 5475 2903 5539 meditatio
2948 5482 3048 5537 est
3087 5475 3384 5535 bonorum

498 5579 837 5642 demutatio
860 5605 894 5640 ¹»
926 5616 1007 5628 -
1036 5590 1057 5620 ⁴
1088 5580 1266 5642 Idem
1307 5586 1521 5641 censet
1559 5579 1624 5639 in
1653 5578 1923 5639 Tractat.
1952 5578 2018 5638 in
2046 5577 2275 5639 Psalm.
2306 5577 2467 5637 LIII
2493 5612 2574 5623 —
2602 5585 2624 5617 ⁶
2655 5582 2832 5655 pater
2859 5583 2940 5621 -·—
2967 5584 2989 5615 ⁰
3020 5571 3385 5652 spiritualis,

3427 2682 3497 2738 14
