4642 6650
1456 767 1613 953 s..
1701 759 2578 894 SILVIAE

946 1013 1896 1093 PEREGRINATIO
1980 977 2134 1087 A‘n
2217 1009 2522 1085 LocA
2607 1005 3085 1084 SANCTA

1696 1230 1937 1305 ANN.
2000 1228 2350 1303 385-388

1755 1870 1993 1951 (Multa
2030 1868 2280 1948 desunt)

581 2226 592 2335 Ι
653 2233 1256 2311 ostendebantur
1309 2232 1531 2306 iuxta
1566 2230 1980 2327 scripturas
2010 2221 2055 2302 ¹.
2092 2228 2400 2303 Interea
2437 2226 2921 2300 ambulantes
2975 2221 3461 2321 pervenimus
3516 2248 3580 2302 31

576 2360 675 2433 ad
723 2359 1135 2455 quemdam
1188 2360 1466 2449 locum,
1510 2356 1644 2430 ubi
1682 2378 1812 2430 sex
1849 2359 2112 2430 tamen
2152 2354 2453 2427 montes
2493 2352 2628 2443 illi,
2659 2351 2864 2426 inter
2919 2373 3107 2448 quos
3135 2349 3459 2439 ibamus,

577 2484 1024 2580 aperiebant
1079 2487 1161 2557 et
1212 2482 1600 2557 faciebant
1652 2480 1938 2557 vallem
2017 2479 2402 2553 infinitam
2466 2478 2733 2574 ingens
2760 2468 2788 2511 ²
2868 2475 3310 2573 planissima
3381 2475 3463 2547 et

577 2609 803 2686 valde
830 2610 1251 2706 pulchram,
1293 2612 1375 2683 et
1410 2611 1627 2681 trans
1667 2607 1951 2683 vallem
1991 2606 2413 2702 apparebat
2449 2627 2666 2679 mons
2709 2605 3019 2678 sanctus
3055 2602 3197 2675 Dei
3227 2601 3459 2698 Syna.

577 2734 722 2810 Hic
777 2738 1042 2809 autem
1098 2735 1336 2825 locus,
1395 2733 1532 2807 ubi
1587 2754 1670 2807 se
1723 2734 2023 2806 montes
2078 2731 2551 2826 aperiebant,
2610 2731 2917 2804 iunctus
2965 2731 3084 2802 est
3139 2750 3312 2802 cum
3369 2749 3459 2802 eo

578 2864 771 2953 loco,
813 2884 965 2957 quo
1005 2864 1189 2936 sunt
1241 2859 1655 2947 memoriae
1710 2857 2387 2954 concupiscentiae.
2429 2856 2520 2929 In
2556 2878 2644 2930 eo
2684 2877 2864 2950 ergo
2901 2856 3067 2929 loco
3107 2877 3280 2929 cum
3331 2876 3459 2928 ve-

581 2988 822 3078 nitur,
883 2991 975 3060 ut
1029 2991 1291 3060 tamen
1346 2986 1973 3059 commonuerant
2030 2982 2483 3057 deductores
2545 2982 2789 3056 sancti
2844 2980 2982 3071 illi,
3040 2979 3173 3075 qui
3231 2976 3460 3053 'nobi-

590 3136 803 3188 scum
858 3113 1106 3201 erant,
1164 3109 1540 3184 dicentes:
1599 3106 2084 3181 Consuetudo
2142 3109 2283 3195 est,
2343 3108 2436 3178 ut
2489 3104 2629 3178 fiat
2680 3105 2804 3179 hic
2860 3104 3107 3178 oratio
3163 3104 3260 3178 ab
3341 3104 3460 3178 his

584 3238 719 3334 qui
773 3236 1120 3327 veniunt,
1178 3233 1481 3332 quando
1539 3234 1632 3307 de
1687 3254 1777 3307 eo
1823 3234 1990 3307 loco
2029 3231 2386 3327 primitus
2425 3230 2732 3306 videtur
2768 3252 2986 3304 mons
3041 3230 3205 3304 Dei.
3247 3228 3463 3303 Sicut

587 3368 669 3438 et
721 3385 859 3437 nos
916 3363 1254 3437 fecimus,
1311 3360 1670 3436 Habebat
1724 3361 1988 3436 autem
2042 3359 2135 3433 de
2189 3380 2279 3433 eo
2335 3358 2501 3432 loco
2557 3357 2656 3431 ad
2710 3360 3048 3431 montem
3106 3356 3254 3430 Dei
3305 3355 3460 3430 for-

595 3488 800 3562 sitan
857 3490 1229 3584 quattuor
1281 3486 1498 3559 milia
1550 3487 1810 3559 totum
1862 3506 1997 3580 per
2051 3484 2253 3558 valle
2310 3482 2469 3574 illa,
2527 3506 2757 3578 quam
2814 3482 2970 3555 dixi
3022 3482 3316 3577 ingens

744 3612 989 3687 Vallis
1024 3603 1051 3647 ³
1087 3614 1351 3686 autem
1386 3611 1550 3705 ipsa
1588 3610 1852 3705 ingens
1900 3612 2019 3683 est
2054 3608 2301 3698 valde,
2342 3609 2594 3682 iacens
2632 3608 2895 3682 subter
2931 3607 3138 3680 latus
3175 3606 3462 3687 montis

578 3738 744 3831 Dei,
776 3759 971 3835 quae
1008 3738 1244 3813 habet
1279 3735 1607 3811 forsitan
1646 3735 2053 3831 (quantum
2093 3734 2486 3831 potuimus
2523 3733 2868 3809 videntes
2907 3733 3288 3825 estimare,
3322 3736 3464 3807 aut

741 4032 760 4068 ¹
808 4032 1311 4094 ostendebantur
1360 4032 1532 4093 iuxta
1586 4031 1924 4113 scripturas
1975 4033 2145 4111 loca,
2188 4052 2344 4110 quae
2399 4033 2937 4111 Concupiscentiae
2983 4037 3271 4111 sepulcra
3319 4042 3466 4096 sunt

578 4131 892 4211 appellata
933 4131 1137 4212 (Num.
1179 4132 1299 4208 XI,
1343 4132 1471 4213 34):
1515 4136 1692 4191 erant
1735 4150 1807 4192 ea
1848 4131 2132 4210 sepulcra
2169 4131 2426 4210 rupibus
2479 4131 2687 4194 excisa
2740 4152 2918 4193 secus
2968 4133 3092 4193 iter
3131 4153 3169 4193 a
3208 4133 3463 4195 civitate

575 4231 780 4291 Faran
822 4230 902 4292 ad
941 4237 1212 4291 montem
1255 4229 1442 4305 Sinai,
1486 4230 1551 4290 in
1590 4230 1729 4308 ipso
1772 4230 2042 4292 transitu
2081 4229 2266 4290 immo
2311 4229 2481 4290 exitu
2521 4230 2837 4310 montium,
2880 4231 2984 4307 qui
3024 4231 3252 4293 vallem
3295 4230 3466 4292 Sinai

579 4328 872 4391 claudunt
908 4328 989 4390 ad
1040 4329 1372 4392 favonium.
1415 4327 1495 4389 Id
1552 4348 1629 4388 ex
1683 4327 1978 4390 orationis
2021 4335 2310 4390 contextu
2352 4328 2515 4389 clare
2559 4328 2901 4408 deducitur,
2944 4335 3127 4408 atque
3170 4350 3248 4390 ex
3274 4330 3463 4390 Petro

577 4429 871 4507 DiaconO,
928 4428 1033 4507 qui
1074 4428 1383 4490 anteriora
1435 4448 1595 4489 nunc
1650 4427 1931 4490 abscissa
1976 4426 2129 4488 folia
2175 4427 2358 4505 vidit,
2410 4433 2475 4488 et
2521 4427 2810 4505 quicquid
2859 4427 2939 4487 ad
2993 4427 3464 4507 topographiam

579 4535 821 4607 spectat
862 4526 1132 4588 fideliter
1173 4528 1565 4606 exemplavit.
1595 4527 1773 4588 Idem
1812 4533 2033 4606 postea
2072 4525 2139 4586 in
2179 4526 2386 4587 reditu
2414 4528 2676 4605 amplius
2704 4527 2805 4587 his
2833 4528 3044 4589 verbis
3088 4528 3464 4607 explicatur:

582 4648 615 4682 ‹
636 4624 925 4688 Vidimus
967 4624 1159 4685 etiam
1198 4624 1264 4683 in
1307 4627 1581 4684 extrema
1618 4623 1744 4684 iam
1785 4623 1949 4685 valle
1991 4623 2130 4702 ipsa
2170 4623 2497 4684 memorias
2539 4623 3106 4702 concupiscentiae.
3129 4669 3177 4685 ..
3220 4624 3337 4686 hoc
3366 4633 3466 4686 est

577 4721 687 4783 ubi
714 4727 1012 4782 exeuntes
1042 4720 1121 4781 de
1148 4720 1312 4782 valle
1338 4720 1449 4782 illa
1473 4720 1727 4799 grande,
1755 4719 2097 4798 reingressi
2126 4740 2336 4782 sumus
2364 4720 2468 4782 via
2496 4740 2614 4799 qua
2642 4740 3003 4782 veneramus
3032 4722 3198 4782 inter
3223 4729 3465 4783 montes

579 4821 742 4899 illos,
781 4839 935 4897 quos
979 4818 1265 4897 superius
1306 4818 1600 4879 dixeram.
1627 4841 1657 4876 »

739 4917 762 4953 ²
808 4916 1031 4977 Omnia
1072 4916 1152 4977 ad
1192 4915 1377 4977 fidem
1419 4916 1670 4978 codicis.
1717 4916 1919 4990 Quum
1971 4937 2095 4978 non
2143 4917 2455 4996 possimus
2510 4917 2817 4997 arbitrari,
2873 4919 3234 4980 monachum
3289 4939 3467 4980 ama-

577 5035 872 5078 nuensem
915 5014 1217 5076 eiusmodi
1259 5034 1500 5076 errores
1541 5013 1944 5094 commisisse,
1987 5023 2168 5093 atque
2211 5017 2576 5078 vernaculos
2616 5016 2832 5077 modos
2873 5018 3230 5096 inseruisse,
3268 5017 3464 5079 scien-

578 5123 696 5192 1166,
725 5133 880 5191 quae
908 5112 1066 5174 fides
1093 5132 1251 5191 quae
1279 5112 1607 5191 diligentia
1633 5113 1699 5174 in
1724 5113 1904 5175 libris
1931 5113 2419 5175 transcribendis
2459 5115 2623 5195 apud
2652 5115 3026 5177 Casinenses
3054 5123 3254 5194 esset;
3291 5117 3466 5177 exis—

579 5209 854 5279 timanda
892 5210 1141 5288 plurimi
1180 5209 1361 5271 nobis
1401 5218 1548 5272 sunt
1589 5211 1810 5289 omnia,
1853 5231 2007 5288 quae
2050 5232 2226 5272 suum
2256 5211 2490 5273 codicis
2518 5211 2933 5290 antiquissimi
2968 5233 3163 5291 genus
3192 5220 3466 5293 servent,

579 5314 645 5368 et
685 5307 1169 5386 simplicitatem,
1212 5328 1332 5385 qua
1371 5309 1478 5387 pia
1516 5307 1787 5371 foemina
1825 5310 2102 5371 libellum
2146 5312 2456 5388 exarabat,
2499 5312 2601 5371 vel
2643 5310 2939 5373 dictabat.

738 5404 764 5440 ³
790 5405 995 5468 Vallis
1037 5405 1222 5467 hodie
1266 5414 1521 5467 vocatur
1550 5409 1890 5486 el—Rahah,
1920 5408 2032 5470 sed
2063 5408 2218 5469 alias
2249 5408 2644 5470 describitur.
2685 5409 3020 5471 Affirmant
3047 5410 3211 5471 enim
3239 5412 3467 5475 vallem

580 5501 865 5581 eidguam
907 5522 1048 5564 esse
1088 5523 1212 5565 non
1252 5504 1591 5583 ingentem,
1633 5524 1749 5566 nec
1788 5512 2082 5583 quattuor
2122 5505 2235 5566 sed
2274 5504 2409 5567 fere
2453 5506 2692 5567 duobus
2745 5507 3022 5568 millibus
3061 5529 3358 5590 passuum
3399 5509 3467 5569 in

577 5599 790 5678 latum,
833 5619 990 5678 quae
1031 5600 1293 5662 latitudo
1335 5601 1402 5661 in
1441 5602 1694 5681 longum
1747 5602 2116 5682 duplicatur.
2158 5604 2247 5664 At
2302 5603 2370 5664 id
2421 5604 2895 5683 intelligendum
2951 5614 3050 5668 est
3108 5610 3210 5690 (ex
3250 5626 3462 5670 eorum
