4642 6650
1245 764 1462 812 xxxvl
2508 758 2880 805 PRAEFATIO

1246 982 1510 1056 consul
1566 980 1885 1057 excessit
1942 1002 2141 1094 anno
2202 978 2383 1071 392,
2444 979 2714 1053 deinde
2781 964 3209 1075 praefectus
3296 980 3660 1057 orientis:
3742 980 3876 1057 sed
3955 983 4130 1077 post

1247 1128 1573 1200 mortem
1633 1124 2061 1216 Theodosii,
2121 1124 2233 1198 ita
2289 1145 2370 1199 se
2426 1122 2869 1220 arrogantia
2927 1122 3254 1215 inflavit,
3313 1127 3404 1198 ut
3459 1125 3552 1200 de
3620 1147 3919 1215 summa
3989 1124 4128 1198 im-

1243 1270 1436 1363 perii
1488 1268 1944 1364 capessenda
1999 1259 2443 1342 eniteretur.
2505 1266 2724 1358 Tum,
2783 1269 2876 1340 ut
2922 1270 3195 1341 notum
3235 1270 3376 1360 est,
3416 1268 3740 1343 interitu
3778 1291 3915 1344 suo
3950 1271 4122 1344 tur·

1242 1411 1552 1508 pissimo
1607 1434 1890 1509 poenas
1944 1412 2138 1486 luit:
2199 1434 2391 1486 uxor
2447 1413 2528 1486 et
2582 1410 2742 1484 filia
2778 1411 2858 1483 in
2898 1412 3216 1485 exilium
3259 1412 3523 1509 pulsae
3559 1413 4127 1511 Hierosolymas

1116 1606 1121 1610 -
1244 1556 1347 1647 (a.
1391 1556 1574 1649 396)
1633 1561 1725 1630 ut
1784 1557 2062 1631 asilum
2121 1556 2520 1650 elegerunt
2551 1545 2597 1628 ¹.
2659 1553 2977 1630 Silviam
3031 1556 3218 1630 haec
3270 1578 3572 1652 passam
3627 1579 3803 1633 cum
3858 1557 3990 1651 eis,
4046 1561 4129 1633 et

1242 1699 1609 1791 exulasse,
1667 1702 2117 1796 terramque
2173 1701 2520 1774 sanctam
2576 1698 2968 1793 repetiisse
3022 1700 3237 1773 estne
3292 1698 3848 1774 dubitandum‘l

1404 1840 1722 1917 Circiter
1777 1866 2059 1916 annum
2121 1841 2300 1933 400,
2365 1863 2516 1937 quo
2576 1839 2955 1936 Sulpicius
3016 1839 3342 1916 Severus
3398 1842 3496 1917 ad
3551 1865 3772 1917 suam
3843 1864 4124 1918 novam

1239 1987 1632 2062 basilicam
1688 1986 2204 2063 exornandam
2264 1989 2691 2083 martyrum
2752 1986 3119 2082 reliquias
3194 1989 3624 2083 quaereret,
3712 1984 3951 2063 Silvia
4031 2007 4125 2062 ex

1241 2133 1535 2208 oriente
1589 2155 1892 2209 reversa
1946 2133 2026 2206 in
2071 2132 2384 2242 Italiam
2424 2131 2707 2205 versari
2759 2131 3087 2207 videtur.
3133 2131 3333 2205 Nam
3375 2130 3686 2222 Victori,
3725 2153 3862 2228 per
3897 2153 4123 2227 quem

1242 2273 1617 2371 Sulpicius
1655 2298 1697 2350 e
1738 2274 1985 2349 Gallia
2041 2274 2139 2349 ad
2197 2275 2609 2349 Paulinum
2667 2274 3099 2370 episcopum
3156 2275 3520 2348 nolanum
3560 2273 3925 2348 mittebat
3964 2274 4121 2368 epi-

1241 2419 1502 2510 stolas,
1560 2419 1984 2492 multorum
2023 2440 2113 2494 ex
2153 2417 2448 2493 oriente
2502 2421 2937 2515 martyrum
2996 2418 3364 2515 reliquias
3402 2418 3809 2515 spopondit
3834 2409 3884 2493 ².
3942 2418 4124 2493 For-

1240 2565 1446 2638 tasse
1504 2562 1806 2637 Brixiae
1861 2563 2249 2655 manebat,
2317 2563 2450 2638 ubi
2523 2585 2565 2638 e
2642 2563 2808 2638 vita
2890 2563 3236 2655 excessit,
3320 2585 3730 2660 rerumque
3808 2586 4120 2638 suarum

1238 2705 1595 2781 heredem
1651 2705 2173 2781 Gaudentium
2228 2705 2393 2780 eius
2453 2705 2798 2780 civitatis
2855 2708 3287 2801 episcopum
3344 2705 3713 2780 instituit.
3789 2705 3887 2798 Is,
3948 2706 4118 2781 doc-

1234 2849 1577 2923 tissimus
1633 2852 1715 2923 et
1768 2850 2291 2926 sanctissimus
2357 2849 2500 2940 vir,
2563 2873 2798 2947 quum
2858 2850 3331 2925 Palestinam
3386 2872 3588 2925 anno
3675 2850 3822 2924 387
3911 2871 4119 2947 pere·

1234 2991 1602 3088 grinaret,
1680 2992 1777 3066 ad
1860 2987 2138 3067 munus
2221 2993 2649 3090 episcopale
2733 3017 3203 3090 quamquam
3286 2993 3577 3068 invitus
3657 2995 3977 3068 vocatus
4039 2995 4121 3067 et

1236 3137 1536 3211 erectus
1575 3126 1771 3210 est³:
1812 3136 2303 3232 quamobrem
2347 3136 2513 3210 loca
2555 3139 2823 3210 sancta
2860 3159 3040 3211 eum
3087 3115 3238 3209 una
3275 3151 3448 3210 cum
3481 3133 3720 3211 Silvia
3753 3136 4119 3210 lustrasse

1150 3361 1151 3364 Ν
1236 3276 1544 3354 credere
1600 3278 1799 3354 licet.
1861 3278 2101 3366 Quam
2160 3279 2238 3353 in
2295 3279 2611 3354 ecclesia
2666 3282 2949 3355 vocata
3011 3279 3389 3354 Concilium
3444 3279 3852 3354 Sanctorum
3888 3300 4119 3376 prope

1233 3423 1631 3498 civitatem
1689 3423 2025 3498 Brixiam
2081 3425 2159 3497 in
2216 3424 2404 3519 ips0,
2466 3445 2695 3519 quem
2754 3423 2995 3498 etiam
3050 3424 3197 3498 sibi
3252 3423 3511 3519 elegit,
3569 3424 3913 3520 sepulcro
3957 3424 4118 3520 ipse

1233 3567 1612 3643 condidit:
1672 3568 1846 3643 dein
1909 3569 2113 3643 inter
2184 3571 2487 3643 sanctos
2565 3567 2804 3643 Silvia
2878 3567 3251 3643 recensita
3324 3566 3619 3664 piisque
3688 3566 4108 3641 honoribus

1232 3733 1474 3807 usque
1528 3710 1776 3786 adhuc
1830 3716 2302 3808 prosequuta
2359 3714 2476 3786 est
2502 3703 2552 3785 ⁴.

1387 3852 1525 3927 His
1579 3854 1808 3928 rebus
1876 3853 1972 3926 ad
2028 3853 2438 3929 veritatem
2512 3853 2904 3949 expositis,
2983 3853 3253 3927 statim
3331 3852 3680 3927 exoritur
3750 3853 3832 3925 et
3898 3852 4118 3946 patet

1229 3997 1475 4071 omnis
1549 3997 2050 4072 conformatio
2088 3997 2584 4092 Peregrinae
2659 4000 2970 4071 nostrae
3028 4018 3200 4071 cum
3255 4001 3351 4070 S.⁸
3390 3995 3632 4071 Silvia
3687 3993 4109 4090 peregrina.

1227 4139 1372 4214 Illa
1428 4161 1469 4214 e
1518 4139 1767 4215 Gallia
1820 4141 2188 4238 profecta,
2230 4143 2419 4216 haec
2474 4162 2567 4215 ex
2626 4141 3070 4237 Aquitania,
3114 4136 3427 4236 regione
3485 4140 3689 4214 inter
3744 4159 4114 4212 oceanum

1227 4287 1311 4358 et
1366 4305 1574 4359 mare
1631 4286 1977 4359 italicum
2033 4286 2225 4359 sita:
2281 4285 2418 4358 illa
2472 4285 3097 4375 sanctimonialis,
3144 4262 3361 4358 'haec
3426 4283 3657 4357 beata
3711 4285 3794 4356 et
3848 4282 4111 4378 virgo:

1226 4430 1560 4522 utraque
1616 4427 2061 4506 invisendae
2097 4431 2354 4502 terrae
2393 4432 2702 4504 sanctae
2735 4450 2992 4503 amore
3028 4427 3477 4524 flagrantes:
3533 4425 3631 4499 ad
3668 4423 4110 4522 Aegyptum

1228 4595 1364 4670 per
1420 4572 1811 4647 Pelusium
1861 4576 2304 4670 pergentes:
2364 4573 2628 4649 eodem
2684 4577 3031 4668 tempore
3081 4570 3699 4668 peregrinantes:
3755 4571 3932 4666 post
3985 4589 4112 4664 pe-

1388 4831 1781 4897 ¹Tillemont
1820 4835 1987 4897 Hist.
2031 4834 2144 4897 des
2187 4835 2437 4914 Emper.
2480 4834 2560 4912 V,
2601 4854 2662 4914 p.
2703 4834 2846 4894 428.

1383 4931 1408 4968 ²
1441 4933 1503 4995 S.
1546 4932 1792 4994 Paulini
1822 4933 2005 5012 epist.
2037 4935 2110 4994 31
2148 4933 2252 5013 (al.
2287 4933 2388 5014 11)
2422 4932 2501 4993 ad
2532 4931 2863 4994 Severum:
2898 4953 2929 4988 ‹
2956 4928 3082 4991 Sed
3110 4928 3255 5007 qnia
3282 4948 3395 4991 nos
3421 4948 3543 4990 non
3571 4924 3898 4988 habuimus
3926 4924 4110 4985 huius

1086 5043 1099 5047 ”
1221 5033 1495 5095 muneris
1538 5032 1799 5112 copiam,
1846 5038 1912 5094 et
1951 5032 2062 5093 ille
2105 5052 2176 5093 se
2220 5051 2396 5110 spem
2438 5029 2717 5092 eiusdem
2756 5028 2999 5108 gratiae
3041 5027 3353 5108 copiosam
3392 5025 3623 5089 habere
3652 5024 3813 5085 dixit
3837 5044 3875 5086 a
3898 5030 4111 5085 sancta

1221 5132 1435 5208 Silvia,
1477 5150 1639 5210 quae
1681 5130 1776 5191 illi
1819 5130 1899 5191 de
1943 5129 2274 5191 multorum
2316 5150 2395 5192 ex
2437 5128 2674 5190 oriente
2717 5134 3058 5208 martyrum
3099 5126 3359 5205 reliquis
3402 5123 3859 5206 spopondisset.
3884 5146 3916 5182 ›
3956 5179 3959 5182 ,

1380 5231 1404 5268 ³
1435 5230 1619 5305 Quod
1659 5230 1739 5291 ad
1781 5230 1976 5291 vitam
2019 5251 2068 5292 s.
2115 5229 2455 5291 Gaudentii
2498 5228 2747 5307 attinet,
2791 5227 3046 5288 consule
3103 5225 3479 5287 Galeardum
3519 5224 3587 5286 in
3625 5222 3836 5308 Praef.
3875 5222 3944 5284 in
3986 5241 4108 5284 ser-

1219 5351 1435 5393 mones
1478 5350 1529 5392 s.
1574 5328 1933 5392 Gaudentii.
1976 5328 2303 5410 (Collectio
2348 5336 2476 5390 vet.
2517 5335 2765 5408 patrum
2805 5327 2977 5387 Brix.
3021 5326 3169 5388 eccl.
3213 5346 3273 5405 p.
3318 5326 3434 5387 187
3480 5332 3546 5387 et
3588 5325 3786 5404 seqq.)

1378 5429 1405 5464 ⁴
1430 5429 1528 5490 De
1570 5448 1619 5490 s.
1663 5421 1861 5489 Silvia
1902 5426 2285 5507 scripserunt
2345 5426 2714 5508 praesertim
2769 5423 3102 5486 Fontanini
3158 5423 3443 5485 Historia
3496 5421 3806 5483 litteraria
3860 5418 4109 5498 Aquile-

1220 5525 1416 5587 iensis
1457 5546 1517 5605 p.
1561 5526 1697 5587 395.
1741 5523 2085 5602 Gradonigi
2144 5524 2364 5584 Brixia
2424 5542 2600 5584 sacra
2639 5544 2699 5603 p.
2743 5522 2816 5582 51
2862 5542 2897 5582 e
2955 5541 3130 5599 segg.
3193 5520 3479 5598 Brunati,
3541 5519 3728 5583 Santi
3775 5520 4107 5583 Bresoiam·

1220 5623 1292 5684 Τ.
1332 5624 1368 5683 Ι
1405 5646 1466 5704 p.
1509 5626 1626 5686 307
1669 5645 1704 5685 e
1746 5644 1919 5702 segg.
1965 5623 2026 5683 S.
2071 5621 2304 5684 Silviae
2346 5621 2638 5685 memoria
2676 5620 2973 5683 recolitur
3014 5619 3117 5681 die
3160 5618 3619 5697 decimaquinta
3660 5616 4034 5694 decembris.
