4642 6650
1197 677 1326 745 104
2182 697 2235 748 s.
2284 697 2550 743 stnvmn
2595 697 3088 746 ausemano

1197 916 1498 1012 phonae
1555 937 1792 1012 usque
1847 917 1945 990 ad
2001 917 2245 993 lucem
2303 918 2666 993 dicuntur
2716 918 2928 1017 ymni
2984 917 3384 994 Anastase.
3458 919 3538 994 Si
3606 924 3865 996 autem
3931 922 4061 998 do-

1113 1034 1130 1046 ‘
1200 1042 1480 1115 minica
1536 1042 1695 1116 dies
1750 1064 1905 1116 non
1960 1045 2100 1133 est,
2138 1046 2450 1117 tantum
2509 1042 2713 1138 quod
2766 1043 2982 1138 ymni
3038 1044 3162 1118 vel
3211 1027 3672 1139 antiphonae
3708 1046 4063 1121 similiter

1075 1417 1147 1472 72

1200 1164 1293 1240 de
1349 1166 1562 1260 pullo
1600 1166 1846 1261 primo
1884 1189 2125 1263 usque
2164 1167 2260 1240 ad
2297 1168 2545 1242 lucem
2584 1168 2945 1241 dicuntur
2980 1167 3062 1240 in
3116 1168 3512 1243 Anastase.
3569 1168 4065 1265 Aputactitae

1201 1311 1462 1365 omnes
1517 1290 1841 1365 vadent:
1901 1292 1996 1366 de
2050 1291 2269 1387 plebe
2325 1295 2611 1381 autem,
2670 1291 2802 1387 qui
2868 1292 3246 1387 quomodo
3320 1297 3660 1387 possunt,
3734 1293 4060 1369 vadent:

1201 1412 1451 1486 clerici
1489 1406 1786 1514 6616161
1819 1414 2096 1489 cotidie
2132 1414 2464 1490 vicibus:
2505 1413 2792 1489 vadent
2828 1414 3081 1489 clerici
3117 1419 3380 1490 autem
3416 1416 3508 1491 de
3544 1418 3753 1511 pullo
3793 1416 4063 1511 prim0,

1201 1538 1595 1634 episcopus
1649 1542 1912 1613 autem
1967 1540 2397 1636 albescente
2452 1538 2688 1613 vadet
2738 1560 3034 1632 semper,
3096 1541 3186 1613 ut
3238 1540 3467 1614 161666
3503 1540 3643 1614 fiat
3678 1540 4064 1615 matutina

1201 1684 1374 1737 cum
1431 1664 1782 1737 omnibus
1837 1663 2152 1754 61611616,
2213 1667 2530 1758 excepta
2586 1662 2963 1737 dominica
3017 1663 3183 1739 die:
3224 1687 3315 1739 ea
3351 1686 3651 1740 necesse
3689 1668 3809 1740 est
3845 1665 4064 1738 illum

1204 1788 1297 1862 de
1350 1788 1561 1884 pullo
1617 1790 1862 1882 primo
1916 1787 2050 1879 ire,
2108 1791 2201 1862 ut
2255 1787 2734 1883 evangelium
2790 1788 2999 1884 legat
3052 1787 3134 1861 in
3188 1790 3586 1864 Anastase.
3643 1790 3910 1863 Denuo
3966 1788 4064 1862 ad

1202 1914 1475 1988 horam
1528 1916 1823 1987 sextam
1880 1916 2243 2009 aguntur,
2301 1934 2498 2009 quae
2557 1913 3227 1987 consuetudinaria
3280 1917 3461 1988 sunt
3516 1915 3596 1988 in
3651 1916 4063 2002 Anastase;

1205 2037 1558 2112 similiter
1613 2040 1695 2112 et
1749 2037 1848 2110 ad
1900 2059 2144 2111 nona:
2203 2036 2557 2110 similiter
2613 2040 2695 2111 et
2748 2037 2846 2110 ad
2900 2038 3295 2113 lucernare
3334 2041 3549 2112 iuxta
3586 2038 4066 2113 consuetudi-

1204 2183 1407 2252 nem,
1466 2183 1699 2255 quam
1753 2162 2150 2236 consuevit
2200 2163 2374 2235 toto
2414 2183 2615 2235 anno
2654 2160 2838 2235 fieri.
2878 2161 3168 2247 Quarta
3204 2164 3467 2236 autem
3506 2165 3588 2236 et
3623 2165 3842 2236 sexta
3880 2161 4071 2237 feria

1206 2307 1504 2381 semper
1560 2308 1763 2359 nona
1819 2288 1896 2358 in
1954 2285 2161 2383 Syon
2215 2285 2306 2359 fit
2361 2286 2578 2360 iuxta
2633 2287 3301 2362 consuetudinem.-

1364 2412 1468 2485 Et
1519 2411 1713 2484 illud
1766 2412 2001 2486 etiam
2057 2410 2383 2485 scribere
2422 2411 2671 2502 debui,
2711 2412 3353 2507 quemadmodum
3391 2413 3762 2487 docentur
3796 2412 3900 2502 hi,
3942 2412 4074 2506 qui

1205 2535 1741 2631 baptidiantur
1803 2556 1939 2631 per
1992 2536 2291 2631 pascha.
2348 2534 2548 2610 Nam
2603 2535 2735 2631 qui
2791 2536 2927 2610 dat
2982 2559 3257 2612 nomen
3300 2561 3561 2628 -66616,
3620 2540 3800 2611 6616
3873 2536 4073 2611 diem

1209 2661 1963 2758 quadragesimarum
2018 2661 2178 2754 dat,
2220 2663 2301 2737 et
2336 2662 2678 2734 omnium
2716 2662 3028 2735 nomina
3064 2666 3392 2737 annotat
3427 2664 3797 2758 presbiter
3825 2654 3890 2736 1ε
3933 2663 4076 2736 1166

1209 2789 1328 2861 661
1383 2788 1564 2859 6616
1618 2786 1788 2858 11166
1843 2785 2312 2880 septimanas
2368 2789 2564 2876 oct0,
2623 2786 2899 2880 quibus
2957 2786 3115 2859 dixi
3149 2786 3273 2861 hic
3310 2787 3611 2861 attendi
3656 2787 4075 2884 quadrage-

1209 2909 1424 2982 sima.
1486 2906 1674 2981 Cum
1730 2910 1993 2981 autem
2067 2909 2559 2982 annotaverit
2621 2909 2962 2982 omnium
3029 2909 3340 2983 nomina
3403 2909 3799 3004 presbiter,
3868 2910 4075 3004 post-

1211 3034 1522 3107 modum
1579 3032 1733 3106 alia
1788 3032 1911 3106 die
1968 3032 2060 3106 de
2125 3031 2746 3128 quadragesimiS,
2814 3033 2891 3105 id
2957 3037 3075 3107 est
3148 3057 3301 3129 qua
3373 3035 3833 3109 inchoantur
3904 3034 4079 3105 octo

1213 3156 1722 3247 ebdomadae„
1742 3156 2057 3251 ponitur
2111 3156 2455 3252 episcopo
2512 3155 2875 3231 cathedra
2929 3156 3180 3230 media
3236 3157 3550 3231 ecclesia
3586 3156 3875 3230 maiore
3900 3145 3952 3242 ²,
4003 3154 4081 3227 id

1213 3283 1332 3358 est
1386 3280 1484 3356 ad
1538 3280 2040 3378 Martyrium:
2097 3280 2367 3356 sedent
2402 3281 2578 3355 hinc
2615 3284 2696 3356 et
2731 3280 2907 3356 inde
2943 3280 3342 3377 presbiteri
3379 3282 3459 3355 in
3495 3279 3875 3357 cathedris
3900 3274 3953 3372 ⁸,
4003 3281 4087 3356 et

1214 3410 1426 3482 stant
1481 3407 1732 3482 clerici
1788 3428 2089 3481 omnes:
2147 3409 2230 3482 et
2264 3405 2371 3481 sic
2407 3402 2892 3481 adducuntur
2927 3430 3127 3480 unus
3182 3409 3263 3481 et
3319 3429 3516 3480 unus
3552 3408 3987 3502 competens
4010 3396 4080 3478 ⁴:

1213 3534 1279 3606 61
1334 3532 1484 3608 viri
1536 3536 1722 3607 sunt
1773 3554 1947 3609 cum
1999 3531 2350 3628 patribus
2404 3531 2561 3604 61116
2614 3533 2979 3606 veniunt:
3038 3531 3102 3605 61
3172 3535 3435 3605 autem
3511 3531 3840 3606 feminae
3911 3551 4083 3605 6616

1213 3860 1508 3923 rectionis
1546 3857 1820 3938 regalem
1842 3881 1897 3920 1.
1940 3858 2003 3919 S.
2048 3855 2378 3936 Augustin.
2423 3875 2605 3918 serm.
2636 3859 2753 3918 169
2802 3857 2881 3918 (16
2910 3857 3097 3921 Verb.
3126 3857 3305 3920 Dom.
3348 3880 3380 3915 ‹
3403 3857 3652 3919 Domini
3691 3858 4086 3920 resuscitatio

1217 3956 1607 4021 conservavit
1646 3955 1826 4018 nobis
1866 3955 2033 4018 diem
2073 3955 2461 4033 dominicum,
2503 3955 2608 4033 qui
2647 3960 2904 4016 vocatur
2943 3955 3305 4031 dominicae,
3347 3956 3491 4033 quia
3531 3975 3604 4016 eo
3644 3955 3748 4017 die
3786 3956 4087 4016 Dominus

1215 4054 1556 4118 resurrexit
1578 4076 1634 4115 1.
1663 4053 1839 4114 Inter
1877 4053 2222 4115 haereticos
2266 4055 2451 4133 (saec.
2492 4051 2787 4134 secundo)
2831 4052 3131 4113 Ebionaei
3160 4053 3450 4114 similiter
3486 4053 3851 4115 dominicam
3892 4054 4092 4114 obser-

1217 4156 1465 4230 vabant,
1506 4160 1672 4215 teste
1700 4153 1970 4214 Eusebio
2014 4152 2206 4232 (Hist.
2249 4153 2290 4212 1.
2334 4154 2456 4229 ΙΠ,
2499 4172 2550 4213 c.
2581 4153 2718 4231 27):
2766 4173 2799 4208 ‹
2821 4152 3061 4213 Diebus
3102 4167 3251 4213 vero
3293 4151 3616 4214 dominicis
3659 4151 3895 4230 eadem,
3933 4171 4091 4230 quae

1215 4272 1350 4329 nos,
1389 4253 1454 4314 in
1495 4249 1851 4313 memoriam
1888 4250 2361 4312 resurrectionis
2399 4249 2652 4311 Domini
2692 4255 2999 4327 peragunt
3023 4270 3077 4310 1.

1381 4349 1400 4385 ¹
1433 4349 1554 4422 Qui
1594 4348 1974 4426 baptismum
2014 4348 2293 4428 accipere
2337 4354 2402 4409 et
2454 4346 2796 4408 Christiani
2835 4346 2972 4407 fieri
3026 4346 3351 4423 volebant,
3395 4366 3508 4407 6116
3546 4346 3793 4408 6616166
3843 4346 4093 4407 dabant.

1221 4450 1283 4512 S.
1328 4448 1544 4527 cyrill.
1586 4446 2091 4509 Procatechesis:
2138 4469 2170 4504 ‹
2193 4446 2514 4507 Hactenus
2555 4444 2805 4506 nomina
2845 4443 3140 4505 dedistis:
3184 4444 3337 4504 haec
3367 4442 3545 4505 vobis
3574 4443 3654 4505 ad
3682 4443 3971 4505 militiam
3995 4465 4097 4507 vo-

1221 4547 1382 4611 catio
1407 4570 1462 4608 1.

1380 4645 1405 4681 ²
1431 4646 1612 4709 Hanc
1650 4642 2007 4705 cathedram
2045 4642 2111 4702 in
2153 4640 2415 4704 ecclesia
2453 4639 2683 4703 maiore
2726 4641 2794 4701 in
2832 4640 3034 4702 medio
3074 4639 3338 4702 locatam
3381 4639 3639 4701 eandem
3678 4639 3876 4703 fuisse
3926 4641 4100 4702 arbi-

1223 4753 1475 4819 tramur,
1517 4762 1675 4821 quae
1715 4740 1928 4802 Iacobi
1968 4740 2232 4819 apostoli
2285 4738 2639 4817 dicebatur,
2681 4746 2934 4801 servata
2975 4745 3041 4800 et
3082 4758 3470 4817 summopere
3511 4739 3679 4800 culta
3719 4744 3784 4801 in
3839 4738 4100 4801 ecclesia

1223 4839 1787 4920 hierosolymitana.
1830 4838 1993 4900 Vide
2054 4838 2281 4899 Euseb.
2332 4837 2374 4896 l.
2417 4838 2564 4914 VII,
2609 4856 2742 4915 cap.
2783 4836 2836 4914 I,
2891 4843 2956 4897 et
3017 4836 3338 4914 chrysost.
3401 4835 3581 4897 Hom.
3631 4836 3711 4898 de
3773 4836 4102 4898 duodecim

1226 4963 1264 5005 a
1306 4939 1542 5003 ostolis.

1262 4963 1304 5021 p
1383 5039 1409 5075 ³
1439 5035 1784 5100 Gathedras
1827 5034 1982 5096 dicit
2013 5033 2197 5096 sedes
2229 5035 2759 5113 presbyterorum,
2792 5033 2896 5111 qui
2921 5033 3066 5094 hinc
3097 5032 3242 5093 inde
3283 5031 3361 5093 ad
3401 5031 3569 5094 latus
3613 5031 3891 5112 episcopi
3930 5030 4105 5093 sede-

1226 5139 1394 5211 bant,
1438 5134 1722 5213 quoniam
1759 5131 1905 5192 illae
1934 5129 2188 5219 secundi
2216 5131 2428 5192 throni
2458 5115 2759 5210 (δευτέροι
2794 5120 3020 5209 θρόνοι)
3050 5127 3115 5187 in
3159 5148 3332 5208 sacro
3362 5128 3577 5190 ordine
3618 5129 4102 5208 appellabantur.

1386 5236 1412 5269 ⁴
1440 5234 1532 5294 Eo
1572 5239 1850 5310 tempore
1889 5235 2308 5309 competentes
2348 5237 2414 5291 et
2454 5227 2791 5306 subscripti
2830 5214 3208 5302 dicebantur,
3251 5226 3358 5304 qui
3397 5226 3772 5305 baptismum
3814 5232 4103 5305 petentes

1229 5351 1455 5395 nomen
1494 5350 1672 5392 suum
1713 5328 2032 5390 dederant.
2074 5327 2136 5387 S.
2178 5327 2445 5404 August.
2485 5326 2583 5388 De
2623 5345 2768 5386 cura
2803 5345 2916 5405 pro
2957 5324 3215 5384 mortuis
3253 5343 3383 5402 cap.
3427 5327 3534 5385 12:
3584 5347 3615 5383 ι
3639 5324 3836 5387 Dedit
3881 5344 4105 5386 nomen

1232 5431 1396 5494 inter
1434 5427 1590 5492 alios
1631 5431 2073 5507 competentes,
2114 5425 2348 5505 pariter
2387 5445 2525 5486 cum
2564 5422 2845 5503 plurimis
2887 5422 3238 5502 incognitus
3279 5421 3460 5483 nobis
3483 5444 3539 5483 1.
