4642 6650
1271 722 1400 789 116
2444 740 2646 787 Pm‘rm
2689 741 2966 786 nucom

2870 834 3025 840 *-n—
3058 834 3397 844 -..n-*m
3412 837 3563 844 -0—.—
3586 838 3731 844 -—--
3774 840 3787 845 ,
3802 838 4142 848 -.--—-—---————

1268 959 1668 1036 duodecim
1723 959 2094 1035 columnis
2131 963 2652 1036 sustentatur:
2694 962 2896 1038 inter
2932 963 3262 1059 parietes
3306 964 3646 1062 singulos
3699 966 3950 1040 latum
4002 966 4141 1040 ha-

1266 1084 1452 1159 bens
1506 1084 1842 1181 spatium
1895 1084 2091 1177 viae,
2150 1107 2346 1181 quae
2381 1086 2535 1159 tria
2573 1087 2852 1162 altaria
2888 1087 2969 1159 in
3006 1089 3254 1162 tribus
3293 1089 3476 1164 locis
3530 1090 3845 1185 parietis
3905 1091 4140 1165 medii

1269 1213 1637 1303 continet,
1687 1211 1829 1285 hoc
1867 1213 2007 1301 est,
2048 1212 2396 1303 australi,
2437 1212 2880 1308 aquilonali,
2920 1217 3001 1288 et
3039 1214 3510 1290 occidentali.
3551 1214 3759 1291 Haec
3795 1216 3909 1289 bis
3949 1239 4141 1311 qua-

1268 1342 1529 1413 ternas
1584 1339 1847 1432 portas
1902 1358 2034 1433 per
2085 1339 2245 1412 tres
2282 1359 2325 1411 e
2364 1337 2669 1433 regione
2707 1338 3035 1433 parietes
3078 1339 3336 1430 habet,
3378 1363 3420 1415 e
3476 1341 3752 1436 quibus
3808 1346 4145 1437 quatuor

1270 1464 1370 1540 ad
1425 1463 1902 1554 vulturnum,
1958 1466 2039 1538 et
2094 1467 2468 1559 quattuor
2522 1465 2620 1537 ad
2674 1487 2944 1538 eurum
3019 1469 3391 1561 spectant.
3447 1466 3698 1541 Huius
3751 1467 3831 1540 iu
3886 1467 4137 1542 medio

1270 1591 1857 1665 monumentum
1909 1587 2220 1664 Domini
2272 1588 2694 1663 rotundum
2739 1593 2958 1686 petra
2995 1591 3333 1666 excisum
3373 1594 3511 1682 est,
3570 1594 3785 1667 cuius
3840 1593 4142 1667 culmen

1270 1717 1730 1790 intrinsecus
1783 1718 1997 1789 stans
2033 1716 2260 1789 homo
2297 1739 2533 1789 manu
2571 1716 3008 1811 contingere
3047 1720 3345 1813 potest3
3395 1718 3492 1792 ab
3531 1718 3825 1793 oriente
3860 1718 4144 1793 habens

1267 1845 1700 1934 introitum,
1758 1843 1882 1917 cui
1935 1842 2131 1938 lapis
2183 1842 2315 1917 ille
2372 1864 2692 1937 magnus
2765 1841 3159 1937 adpositus
3215 1847 3359 1936 est,
3417 1845 3621 1940 quod
3686 1844 4140 1920 intrinsecus

1266 1971 1910 2044 ferramentorum
1963 1967 2295 2065 vestigia
2338 1989 2590 2064 usque
2643 1967 2726 2039 in
2779 1990 3136 2063 praesens
3194 1969 3559 2044 ostendit.
3604 1970 3804 2044 Nam
3859 1971 4141 2045 extrin-

1270 2116 1482 2170 secus
1537 2115 1777 2190 usque
1816 2094 1913 2167 ad
1951 2094 2303 2169 culminis
2340 2094 2866 2169 summitatem
2902 2098 3159 2169 totum
3207 2118 3587 2171 marmore
3640 2098 3933 2171 tectum
3980 2101 4141 2171 est:

1270 2244 1654 2319 summum
1711 2242 1892 2296 vero
1931 2221 2230 2295 culmen
2269 2242 2460 2294 auro
2499 2223 2885 2310 ornatum,
2926 2243 3241 2296 auream
3281 2244 3638 2317 magnam
3675 2226 3930 2318 gestat
3973 2231 4139 2296 cru-

1273 2369 1458 2422 cem.
1495 2346 1588 2418 In
1623 2345 1852 2420 huius
1891 2367 2070 2441 ergo
2107 2346 2593 2421 monumenti
2632 2345 3052 2441 aquilonali
3081 2350 3298 2441 parte
3326 2346 3809 2442 sepulchrum
3837 2346 4144 2421 Domini

1272 2473 1355 2546 in
1410 2471 1676 2548 eadem
1727 2475 1948 2567 petra
2003 2472 2364 2563 excisum,
2405 2469 2908 2568 longitudinis
2945 2475 3240 2569 septem
3277 2472 3578 2567 pedum,
3635 2475 3876 2547 trium
3931 2495 4145 2548 men-

1275 2620 1454 2671 sura
1506 2596 1959 2692 palmorum,
2006 2597 2450 2692 pavimento
2489 2597 2722 2671 altius
2761 2597 3088 2673 eminet:
3129 2598 3535 2672 introitum
3589 2599 3824 2673 habet
3877 2599 3975 2673 ab
4029 2600 4142 2673 la·

1155 2712 1160 2716 ’
1273 2726 1442 2798 tere
1486 2722 1931 2816 meridiano,
1969 2723 2102 2797 ubi
2141 2723 2263 2797 die
2301 2726 2686 2819 noctuque
2727 2723 3125 2798 duodecim
3168 2724 3553 2820 lampades
3591 2724 3885 2816 ardent,
3925 2727 4147 2820 quat-

1273 2852 1455 2923 tuor
1491 2848 1700 2922 intra
1738 2849 2192 2945 sepulcrum,
2232 2853 2407 2925 octo
2444 2850 2526 2923 in
2556 2851 2898 2945 margine
2927 2850 3218 2925 dextro.
3249 2849 3473 2945 Lapis
3502 2850 3634 2946 qui
3674 2849 3773 2923 ad
3809 2851 4146 2925 hostium

1276 2972 1758 3051 monumenti
1810 2974 2105 3068 positus
2144 2976 2335 3063 erat,
2374 2995 2578 3049 nunc
2613 2972 2832 3047 fissus
2872 2977 3013 3065 est,
3054 2961 3270 3049 cuius
3310 2997 3483 3069 pars
3522 2974 3770 3048 minor
3822 2975 4148 3070 quadra-

1277 3100 1451 3171 tum
1504 3097 1752 3173 altare
1806 3100 1986 3173 ante
2038 3099 2376 3173 hostium
2427 3099 2964 3173 nichilominus
3022 3099 3361 3175 eiusdem
3413 3100 3894 3174 monumenti
3948 3103 4147 3174 stat:

1283 3220 1532 3296 maior
1584 3242 1765 3297 vero
1803 3222 1885 3296 in
1922 3222 2280 3297 orientali
2317 3223 2656 3298 eiusdem
2695 3224 3060 3298 ecclesiae
3101 3224 3268 3298 loco
3307 3223 3920 3320 quadrangulum
3957 3224 4154 3298 aliut

1284 3349 1535 3423 altare
1591 3349 1732 3423 sub
1788 3348 2363 3424 linteaminibus
2420 3352 2661 3425 extat.
2707 3348 2930 3424 Color
2970 3355 3240 3426 autem
3294 3351 3626 3426 eiusdem
3681 3351 4154 3427 monumenti

1281 3478 1363 3550 et
1415 3475 1799 3570 sepulchri
1852 3476 2027 3551 albo
2087 3479 2170 3551 et
2222 3475 2647 3551 rubicundo
2682 3477 3107 3571 permixtus
3142 3499 3308 3552 esse
3345 3477 3675 3553 videtur.
3720 3476 3840 3551 Ad
3896 3478 4151 3553 dexte·

1280 3625 1447 3676 ram
1500 3623 1685 3677 vero
1737 3606 2037 3698 partem
2088 3602 2266 3677 huic
2339 3602 2696 3678 ecclesiae
2768 3578 3127 3677 cohaeret
3180 3603 3324 3678 Dei
3384 3603 3788 3677 Genitricis
3844 3605 4153 3678 ecclesia

1281 3727 1829 3824 quadrangula.
1888 3727 1981 3801 In
2035 3728 2314 3823 platea,
2373 3748 2569 3824 quae
2630 3728 3091 3825 Martyrium
3152 3732 3235 3803 et
3293 3728 3673 3824 Golgotha
3728 3732 4150 3820 continuat,

1281 3850 1559 3927 exedra
1613 3854 1754 3943 est,
1809 3852 1891 3925 in
1944 3875 2097 3949 qua
2151 3852 2348 3926 calix
2402 3851 2712 3927 Domini
2768 3851 3043 3927 scrinio
3114 3852 3578 3944 recondituS,
3635 3876 3768 3950 per
3823 3854 4154 3950 operculi

1237 4066 1254 4080 ,
1280 3976 1625 4051 foramen
1676 3977 1896 4073 tangi
1949 3978 2167 4069 solet,
2225 3982 2307 4054 et
2368 3978 2747 4052 osculari:
2807 3978 2940 4073 qui
2996 3980 3408 4073 argenteus
3480 3979 3675 4054 calix
3731 3979 3921 4055 duas
3976 3980 4154 4055 hinc

1283 4104 1365 4176 et
1418 4101 1593 4177 inde
1648 4103 1954 4178 ansulas
1991 4103 2300 4194 habenS,
2341 4103 2658 4177 sextarii
2696 4103 2952 4199 gallici
2990 4124 3393 4177 ⁴mensuras
3435 4104 3672 4200 capit;
3712 4106 3793 4179 in
3831 4128 3984 4201 quo
4039 4109 4156 4181 est

1285 4230 1367 4303 et
1419 4227 1555 4302 illa
1609 4229 1925 4324 spongia
1996 4229 2356 4304 dominici
2411 4232 2637 4324 potus
2712 4228 3088 4302 ministra.
3167 4228 3282 4301 Ibi
3350 4230 3584 4304 etiam
3640 4230 3721 4303 in
3777 4230 4155 4327 Golgotha

1286 4353 1624 4428 Abraam
1677 4354 1891 4429 Isaac
1926 4353 2172 4427 filium
2210 4368 2437 4428 suum
2476 4354 2782 4429 obtulit.
2825 4354 3122 4429 Lancea
3158 4358 3507 4452 preterea
3547 4356 3816 4431 militis
3868 4356 4155 4432 inserta

1285 4479 1615 4554 habetur
1669 4480 1751 4553 in
1805 4501 2024 4556 cruce
2078 4480 2333 4575 lignea
2387 4480 2468 4552 in
2521 4480 2821 4575 porticu
2861 4479 3241 4575 Martyrst,
3284 4481 3500 4556 cuius
3555 4482 3779 4557 astile
3831 4483 3913 4555 in
3968 4483 4155 4556 duas

1284 4606 1543 4699 partes
1598 4605 2040 4681 intercisum
2100 4607 2240 4681 est.
3210 4692 3218 4701 ,

1449 4731 1571 4822 (Β.
1628 4754 1682 4806 c.
1736 4732 1901 4822 ΙΙΙ)
1955 4731 2115 4808 Hec
2168 4733 2479 4828 quidem
2532 4736 2797 4808 sancta
2850 4733 3019 4808 loca
3054 4735 3276 4808 extra
3313 4738 3650 4809 montem
3692 4733 3873 4809 Sion
3910 4735 4158 4831 posita

1285 4859 1490 4947 sunt,
1548 4879 1699 4954 quo
1755 4879 1834 4932 se
1890 4857 1990 4932 ad
2044 4858 2480 4955 aquilonem
2508 4850 2873 4934 'deficiens
2907 4859 3055 4934 loci
3094 4864 3355 4934 tumor
3394 4861 3761 4956 porrexit.
3820 4859 3913 4933 In
3966 4859 4157 4935 infe-

1287 4982 1474 5056 riori
1524 5005 1705 5060 vero
1761 4987 1979 5080 parte
2016 4984 2227 5059 urbis
2263 4985 2638 5081 templum
2674 4983 2755 5057 in
2788 4985 3044 5059 vicina
3088 4988 3290 5060 muri
3329 4986 3425 5060 ab
3474 4986 3768 5086 oriente
3822 4986 4159 5060 locatum

1288 5109 1446 5181 est:
1502 5129 1790 5202 paucae
1845 5108 2003 5184 illic
2057 5109 2429 5184 cisternae
2484 5113 2688 5184 sunt.

1451 5232 1984 5327 (Perefflnatio)
2043 5233 2487 5330 Sepulcrum
2540 5257 2721 5311 vero
2777 5236 3085 5311 Domini
3114 5227 3162 5328 ¹,
3221 5236 3317 5312 de
3381 5258 3531 5332 quo
3605 5257 3834 5334 supra
3888 5235 4152 5311 retuli-

1457 5513 1476 5548 ’·
1510 5510 1633 5574 Hic
1691 5512 1956 5591 primum
2008 5514 2186 5575 nobis
2237 5535 2362 5576 non
2402 5515 2661 5577 obscure
2703 5536 2771 5577 se
2814 5515 3092 5577 ostendit
3130 5514 3495 5595 Peregrina,
3539 5515 3685 5577 dum
3724 5534 3827 5576 res
3869 5515 3987 5595 hoc
4025 5514 4158 5576 loco

1289 5609 1651 5695 descriptas,
1694 5631 1853 5689 quae
1891 5617 2267 5679 vetustatem
2308 5612 2578 5701 sapiunt,
2618 5614 3077 5699 perpendimus,
3120 5622 3186 5676 et
3234 5635 3371 5681 cum
3417 5614 3529 5690 eis,
3586 5614 3743 5693 quae'
3782 5612 3849 5673 in
3891 5611 4160 5679 arretino
