4642 6650
1682 797 1744 842 v.
1793 796 1886 843 mr.
1926 795 2304 843 PmeRmA
3213 778 3426 843 ‘xxxin

561 1014 867 1111 frigore,
923 1036 1171 1111 neque
1223 1014 1498 1090 itinere
1554 1013 1868 1108 difficili,
1925 1036 2171 1111 neque
2227 1014 2574 1111 precibus
2647 1013 3051 1107 continuis,
3127 1014 3425 1089 studio-

562 1180 710 1255 que
763 1157 997 1233 alacri
1051 1157 1363 1232 nativus
1425 1159 1645 1254 vigor
1719 1181 2085 1254 umquam
2161 1156 2583 1239 deficiebat.
2662 1158 2948 1233 Tantos
3003 1157 3207 1234 enim
3278 1144 3425 1231 s'ibi

559 1300 925 1397 imposuit
977 1298 1300 1390 labores,
1356 1301 1508 1373 non
1564 1300 1814 1374 solum
1874 1301 1965 1374 ut
2018 1299 2408 1396 religionis
2465 1300 2627 1376 zelo
2695 1299 3080 1396 animique
3149 1299 3426 1396 pietati

561 1441 1062 1534 satisfaceret,
1121 1463 1386 1518 verum
1445 1442 1683 1517 etiam
1722 1445 1816 1516 ut
1853 1441 2330 1517 voluminum
2386 1464 2775 1518 sacrorum
2814 1464 3076 1518 sensus
3119 1442 3423 1539 penitus
3505 1480 3520 1493 -

559 1589 1027 1685 intelligeret
1081 1588 1240 1664 sive
1279 1587 1617 1662 locorum
1675 1588 2011 1683 ipsorum
2058 1588 2254 1680 visu,
2315 1589 2476 1664 sive
2531 1588 2949 1663 traditione
3003 1610 3096 1662 ex
3150 1587 3421 1669 auditu

558 1721 937 1808 servata¹.
978 1731 1186 1819 Quae
1224 1733 1319 1808 de
1356 1738 1451 1806 s.⁸
1478 1733 1720 1807 Paula
1756 1732 2269 1829 Hieronymus
2306 1731 2678 1829 singulari
2716 1731 3155 1828 eloquentia
3192 1732 3422 1829 scrip·

559 1877 683 1968 sit,
734 1898 889 1951 non
943 1875 1366 1950 minoribus
1405 1875 1745 1972 procfeto
1787 1897 1910 1951 me
1968 1875 2060 1953 de
2113 1875 2525 1972 Peregrina
2563 1876 2813 1951 verbis
2848 1875 2968 1949 uti
3005 1877 3422 1977 oporteret.

713 2017 981 2115 Neque
1036 2017 1213 2093 huic
1265 2018 1535 2094 deerat
1603 2020 2028 2094 auctoritas
2101 2041 2425 2109 summa,
2501 2042 2728 2115 quam
2806 2040 3065 2094 omnes
3138 2020 3425 2094 honore

556 2163 1235 2259 prosequebantur.
1291 2161 1493 2237 Nam
1547 2163 1834 2239 milites
1890 2186 2026 2260 pro
2083 2163 2478 2259 disciplina
2515 2185 2836 2238 romana
2872 2163 2953 2237 in
2989 2163 3426 2261 regionibus

555 2304 869 2379 infensis
906 2304 976 2380 ei
1014 2305 1308 2379 auxilia
1348 2306 1824 2400 praebebant
1838 2296 1889 2396 ²,
1931 2305 2259 2402 episcopi
2297 2309 2561 2381 autem
2599 2305 3026 2396 civitatum,
3066 2328 3201 2403 per
3236 2327 3425 2402 quas

555 2446 947 2537 transiret,
1004 2468 1085 2521 se
1151 2446 1459 2522 obviam
1510 2446 1622 2522 ire
1678 2447 2139 2544 comitesque
2212 2447 2377 2522 fieri
2457 2448 2975 2544 praestabant.
3035 2447 3425 2534 Quomodo

554 2587 935 2685 quaedam
989 2589 1597 2664 sanctimonialis
1654 2591 1731 2663 in
1789 2589 2061 2682 Gallia,
2101 2592 2482 2687 sacrisque
2519 2594 2714 2681 tota,
2753 2594 2846 2666 ut
2891 2594 3131 2688 patet,
3173 2591 3425 2685 dicata

552 2729 751 2806 hanc
802 2731 884 2839 in
938 2732 1233 2806 oriente
1288 2732 1718 2807 obtinuerit
1774 2733 2384 2809 salutationem?
2441 2733 2843 2826 Quorsum,
2900 2734 2965 2808 si
3016 2736 3220 2809 tanti
3290 2736 3423 2809 ha-

551 2875 889 2967 beretur,
929 2897 1103 2950 cum
1140 2876 1473 2972 patriam
1511 2877 1766 2952 animo
1806 2881 2126 2975 peteret,
2159 2877 2821 2977 Constantinopoli
2858 2870 3215 2955 decedere
3268 2900 3424 2953 non

551 3015 975 3112 potuisset?
1012 3015 1310 3110 Nonne,
1351 3020 1442 3092 ut
1479 3018 1811 3093 Melania
1847 3041 2189 3111 romana,
2228 3041 2400 3095 eam
2439 3040 2610 3095 cum
2649 3019 2942 3094 familia
2982 3020 3243 3112 nobili,
3286 3023 3425 3096 aut

556 3156 726 3233 viro
765 3158 968 3255 apud
1006 3158 1546 3255 imperatorem
1585 3163 1937 3235 versante
1977 3161 2409 3238 devinctam
2448 3183 2608 3237 esse
2647 3162 3154 3237 arbitremur?

708 3299 916 3377 Haec
969 3300 1062 3378 de
1117 3302 1532 3399 Peregrina
1572 3296 1681 3377 'ex
1737 3303 1897 3379 eius
1952 3303 2250 3401 scriptis
2306 3304 2657 3400 colligere
2715 3303 2831 3379 fas
2870 3306 3011 3396 est,
3063 3304 3426 3422 patriam·

547 3446 796 3521 vitam
848 3445 1311 3542 religiosam,
1369 3470 1748 3522 summam
1801 3449 2199 3545 pietatum
2248 3448 2586 3559 studium
2646 3470 2817 3523 acre
2872 3448 3204 3526 adeundi
3257 3449 3423 3524 loca

710 3687 732 3725 ¹
760 3688 1013 3769 Peregr.
1054 3709 1115 3769 p.
1134 3690 1268 3750 ’443
1316 3711 1348 3749 ‹
1372 3688 1581 3751 Etiam
1622 3695 1685 3752 et
1725 3690 2008 3753 omnibus
2049 3691 2284 3753 sanctis
2325 3709 2443 3753 nec
2483 3689 2720 3752 sufficio
2760 3689 2997 3770 gratias
3038 3673 3242 3771 agere,
3275 3712 3421 3771 quo·
3445 3689 3458 3700 ”

543 3785 710 3848 niam
748 3788 1123 3867 parvitatem
1162 3807 1363 3850 meam
1403 3787 1828 3866 dignabantur
1866 3790 1933 3850 in
1973 3789 2104 3852 suis
2143 3788 2539 3852 monasteriis
2580 3788 2801 3850 libenti
2844 3790 3044 3852 animo
3100 3789 3420 3872 suscipere
3475 3843 3510 3858 ...

543 3883 650 3947 vel
688 3893 858 3948 certe
897 3906 1011 3965 per
1049 3885 1255 3948 omnia
1279 3886 1416 3948 loca
1442 3885 1771 3964 deducere,
1801 3905 1958 3966 quae
1989 3907 2104 3966 ego
2132 3887 2303 3949 iuxta
2331 3886 2671 3968 scripturas
2697 3886 3102 3965 requirebam.
3125 3911 3157 3947 ›
3202 3889 3276 3950 Ρ.
3304 3891 3417 3950 463

549 4004 583 4042 ‹
603 3984 694 4045 Ut
729 3983 1155 4065 praeviderem
1197 3986 1400 4047 omnia
1437 3985 1593 4062 loca,
1637 4004 1795 4063 quae
1834 3985 1950 4047 filii
1991 3986 2213 4065 Israel,
2258 3993 2555 4048 exeuntes
2595 3984 2675 4047 de
2715 3983 3038 4064 Ramesse,
3079 3977 3428 4080 tetigerant]
3533 4037 3544 4044 .

544 4087 782 4158 euntes,
824 4081 1020 4143 donec
1058 4082 1454 4162 pervenirent
1495 4101 1692 4160 usque
1734 4082 1815 4143 ad
1854 4102 2023 4146 mare
2064 4084 2333 4145 rubrum.
2360 4108 2392 4143 ι
2436 4083 2511 4144 Ρ.
2553 4084 2667 4144 473
2715 4102 2749 4140 ‹
2773 4080 3204 4145 ostendebant
3239 4084 3419 4150 nobis

543 4180 794 4259 singula
820 4181 973 4259 loca,
996 4201 1151 4260 quae
1174 4200 1422 4260 semper
1447 4201 1562 4260 ego
1592 4180 1764 4243 iuxta
1791 4181 2130 4262 scripturas
2151 4155 2558 4262 reqffiebm.
2584 4205 2616 4243 ι
2646 4184 2721 4246 P.
2744 4185 2857 4245 52:
2890 4205 2924 4243 ‹
2947 4183 3148 4246 Nobis
3173 4201 3421 4268 semper

541 4277 1011 4341 consuetudinis
1052 4286 1204 4357 erat,
1244 4287 1316 4342 ut
1354 4280 1717 4357 ubicumque
1757 4279 1839 4342 ad
1877 4281 2013 4343 loca
2041 4280 2397 4344 desiderata
2426 4281 2717 4344 accedere
2745 4282 3123 4361 volebamus,
3151 4282 3419 4362 primum

541 4373 631 4435 ibi
670 4374 850 4438 fieret
889 4375 1118 4455 oratio;
1159 4376 1387 4439 deinde
1427 4377 1754 4456 legeretur
1793 4377 1980 4439 lectio
2020 4378 2160 4458 ipsa
2199 4379 2279 4441 de
2320 4378 2550 4457 codice,
2579 4378 2888 4442 diceretur
2915 4379 3104 4446 etiam
3144 4380 3420 4459 psalmus
3561 4455 3572 4466 ⁸

541 4491 704 4534 unus
743 4472 1065 4552 pertinens
1105 4472 1185 4534 ad
1223 4494 1377 4551 rem,
1422 4480 1489 4536 et
1527 4473 1760 4536 iterato
1803 4474 1985 4537 fieret
2024 4475 2239 4538 oratio.
2265 4498 2297 4536 ι
2342 4476 2416 4538 P.
2459 4478 2568 4538 59:
2613 4498 2645 4536 ‹
2671 4475 2834 4549 Quia
2870 4477 3215 4538 retinebam
3274 4477 3423 4540 scri-
3485 4531 3502 4546 .

541 4575 716 4650 ptum
756 4591 896 4634 esse
935 4571 1289 4651 baptizasse
1326 4579 1607 4634 sanctum
1645 4571 1984 4636 Iohannem
2024 4573 2094 4635 in
2137 4574 2321 4636 Enon
2358 4573 2534 4636 iuxta
2594 4573 2808 4653 Salim,
2861 4573 3163 4653 requisivi
3201 4573 3282 4637 do
3321 4595 3416 4654 eo,

542 4687 723 4746 quam
782 4669 967 4749 longe
1028 4678 1201 4732 esset
1238 4670 1376 4750 ipse
1414 4670 1606 4732 locus.
1630 4695 1662 4730 ι
1706 4671 1780 4732 Ρ.
1823 4673 1904 4733 68
1959 4670 2038 4734 de
2081 4672 2370 4752 epistolis
2431 4671 2784 4735 edessenis:
2842 4694 2874 4732 ‹
2918 4673 3070 4735 licet
3106 4673 3174 4738 in
3212 4674 3419 4760 patria

544 4768 917 4848 exemplaria
953 4768 1228 4848 ipsarum
1268 4769 1581 4849 haberem,
1622 4775 1829 4832 tamen
1870 4771 2112 4849 gratius
2152 4770 2302 4831 mihi
2334 4772 2541 4833 visum
2570 4779 2687 4850 est,
2713 4777 2786 4832 ut
2812 4778 2877 4833 et
2904 4771 2992 4832 ibi
3020 4791 3128 4834 eas
3169 4771 3250 4835 de
3275 4772 3413 4851 ipso
3489 4795 3524 4806 ··

542 4866 904 4946 acciperem,
944 4886 1024 4930 ne
1065 4868 1214 4946 quid
1255 4867 1517 4930 forsitan
1575 4867 1780 4931 minus
1823 4869 1902 4931 ad
1941 4888 2057 4931 nos
2096 4871 2165 4930 in
2203 4869 2409 4950 patria
2446 4869 2870 4949 pervenisset:
2923 4890 3066 4931 nam
3106 4889 3256 4932 vere
3294 4891 3416 4933 am-

482 5011 489 5023 .
540 4962 706 5043 plius
747 4971 866 5041 est,
908 4964 1072 5042 quod
1111 4963 1213 5026 bic
1253 4965 1479 5046 accepi.
1502 4987 1534 5025 ι
1579 4966 1652 5026 Ρ.
1697 4967 1792 5043 70,
1833 4965 2095 5044 requirit
2134 4966 2212 5027 ab
2256 4965 2547 5047 episcopo
2591 4967 2926 5032 carrarum
2959 4965 3201 5044 quando
3244 4968 3415 5029 Naor
3455 4971 3494 5044 “,

543 5061 821 5124 venisset
859 5062 926 5124 in
965 5063 1196 5143 Haran,
1240 5069 1307 5126 et
1345 5079 1466 5142 qno
1507 5065 1643 5127 loco
1683 5065 1822 5126 Hur
1860 5066 2052 5128 situm
2092 5072 2280 5128 esset.
2317 5065 2553 5129 Verum
2594 5084 2777 5143 quam
2803 5064 2870 5125 in
2898 5064 3415 5144 sacriscognitio-

545 5180 685 5221 nem
710 5160 1002 5236 haberet,
1045 5162 1204 5226 satis
1247 5162 1523 5224 ostendit
1563 5183 1639 5225 ex
1676 5164 1776 5241 iis,
1819 5183 1976 5242 quae
2004 5163 2085 5226 de
2113 5163 2504 5225 coerimoniis
2544 5162 3111 5242 hierosolymitanis
3141 5164 3412 5244 exponit.
3523 5167 3536 5182 “

701 5257 727 5294 ²
756 5258 1010 5338 Peregr.
1050 5281 1110 5340 p.
1151 5262 1264 5340 473
1311 5284 1342 5319 ‹
1364 5260 1455 5322 Ut
1493 5267 1632 5322 cata
1671 5261 2024 5324 mansiones
2065 5261 2442 5323 monasteria
2482 5261 2611 5322 sint
2652 5282 2789 5323 cnm
2828 5261 3134 5323 militibus
3176 5272 3241 5324 et
3278 5284 3412 5343 pre·

542 5356 785 5437 positis,
828 5359 932 5436 qni
972 5379 1085 5420 nos
1125 5358 1512 5421 deducebant
1552 5380 1795 5440 semper
1834 5360 1913 5422 de
1955 5367 2158 5422 castro
2202 5360 2280 5421 ad
2321 5366 2611 5422 castrum.
2638 5385 2669 5420 »
2714 5360 2790 5422 P.
2833 5361 2945 5421 50:
2992 5384 3023 5419 ‹
3046 5361 3178 5423 Nos
3207 5369 3412 5424 autem
3492 5365 3498 5371 '

541 5454 685 5517 inde
712 5456 1060 5519 remisimus
1089 5457 1340 5536 milites,
1369 5459 1474 5536 qui
1499 5459 1678 5521 nobis
1705 5480 1818 5539 pro
1846 5458 2175 5540 disciplina
2201 5479 2453 5521 romana
2480 5458 2707 5520 auxilia
2733 5460 3172 5540 praebuerant,
3207 5480 3411 5539 quam-

541 5551 650 5613 diu
688 5572 801 5632 per
839 5554 974 5617 loca
1014 5561 1308 5635 suspecta
1346 5555 1875 5619 ambulaveramus
1903 5602 1921 5620 .
1952 5602 1968 5618 .
1997 5602 2012 5617 .
2045 5601 2059 5617 .
2103 5562 2171 5619 et
2209 5555 2350 5627 ideo
2391 5547 2515 5618 non
2555 5554 2679 5618 fuit
2728 5576 2986 5620 necesse
3042 5577 3268 5622 vexare
3309 5558 3416 5620 mi-

542 5650 705 5714 lites.
731 5677 763 5712 »

3124 5787 3165 5835 V
