4642 6650
1713 766 1804 810 nr:
1849 763 2040 810 Loms
2086 764 2362 810 sancus
3350 750 3478 814 143

594 985 714 1059 est
765 982 847 1056 in
901 1004 992 1057 eo
1046 982 1238 1073 loco,
1279 983 1412 1056 ubi
1451 982 1758 1057 locutus
1797 987 1915 1058 est
1950 982 2324 1058 Dominus
2359 983 2606 1081 Moysi
2642 985 2723 1058 in
2768 984 2987 1076 rubo,
3046 985 3180 1081 qui
3233 987 3475 1061 rubus

595 1133 837 1207 usque
889 1109 1115 1186 hodie
1169 1109 1370 1185 vivit
1422 1112 1503 1185 et
1557 1110 1808 1184 mittit
1880 1110 2245 1206 virgulta.
2303 1109 2422 1184 Ibi
2475 1131 2658 1208 ergo
2715 1133 2917 1207 aqua
2969 1115 3089 1186 est
3155 1112 3474 1209 optima.

597 1235 1048 1311 Ostenditur
1099 1236 1338 1310 etiam
1392 1235 1474 1308 in
1527 1235 1693 1333 ipsa
1730 1234 1957 1327 valle,
1998 1235 2333 1331 qualiter
2374 1236 2896 1331 unusquisque
2950 1236 3474 1313 habitationes

595 1361 998 1453 habuerat,
1057 1360 1150 1436 de
1187 1360 1464 1457 quibus
1499 1360 2110 1436 habitationibus
2147 1382 2389 1457 usque
2426 1361 2507 1435 in
2541 1360 2994 1437 hodiernum
3035 1361 3238 1438 diem
3292 1345 3467 1437 fun‘-

597 1484 960 1562 damenta
1006 1490 1307 1584 parent,
1348 1485 1996 1582 quemadmodum
2031 1485 2351 1560 fuerunt
2384 1485 2766 1583 lapidibus
2821 1486 3314 1562 circumdata.
3353 1487 3474 1563 Ibi

595 1613 832 1687 etiam
888 1620 1008 1687 est
1061 1612 1295 1701 lonae,
1355 1613 1489 1686 ubi
1541 1612 2129 1688 tabernaculum
2164 1611 2442 1687 federis
2496 1612 2852 1709 primitus
2905 1612 3143 1687 fixum
3180 1616 3321 1688 est.
3356 1614 3475 1688 Ab

597 1737 753 1813 alia
806 1760 988 1814 vero
1044 1741 1264 1835 parte
1319 1738 1524 1813 inter
1580 1740 1878 1812 montes
1915 1737 2194 1829 exitur,
2236 1741 2318 1813 et
2355 1737 2721 1834 incipitur
2766 1738 2931 1833 jam
2988 1739 3208 1812 iux‘ta
3264 1761 3473 1814 mare

598 1862 1016 1955 ambulare,
1074 1864 1189 1937 ita
1241 1866 1337 1938 ut
1389 1863 1646 1968 subito
1702 1884 1836 1960 per
1873 1887 2153 1959 aquam
2210 1864 2444 1939 maris
2499 1863 2869 1954 ambules,
2926 1864 3184 1938 subito
3239 1866 3477 1939 etiam

596 1987 679 2062 in
732 1988 1193 2084 quingentos
1245 2011 1511 2084 passus
1548 2010 1684 2085 per
1721 2009 2036 2063 arenam
2072 1988 2518 2064 ambuletur
2555 1988 2824 2063 eremi:
2876 1987 3006 2063 via
3060 1988 3261 2063 enim
3319 1989 3476 2064 illic

597 2113 906 2210 penitus
961 2135 1115 2187 non
1170 2118 1316 2204 est,
1373 2113 1503 2189 sed
1541 2114 1677 2210 qui
1714 2113 2000 2189 ibidem
2037 2114 2442 2188 ambulant
2498 2115 2579 2188 in
2632 2114 2839 2205 locis,
2880 2117 2959 2188 et
3012 2112 3197 2188 locis
3251 2113 3469 2209 signa

600 2240 929 2333 ponunt,
963 2237 1087 2311 ad
1140 2259 1338 2333 quae
1418 2237 1636 2333 signa
1690 2258 1825 2333 per
1880 2237 2082 2313 diem
2155 2237 2584 2327 ambulant,
2643 2240 2869 2312 nocte
2933 2240 3200 2312 autem
3255 2236 3475 2333 signa

603 2363 875 2437 cameli
932 2362 1377 2439 ostendunt.
1408 2362 1476 2437 A
1511 2385 1724 2438 mare
1763 2367 2030 2438 autem
2073 2363 2308 2439 rubro
2348 2386 2587 2459 usque
2624 2363 2722 2437 ad
2751 2363 3034 2439 Arabie
3072 2363 3473 2439 civitatem

601 2488 1031 2564 mansiones
1084 2491 1422 2585 quatuor
1475 2492 1678 2564 sunt.
1738 2488 1913 2562 Filii
1969 2491 2234 2564 autem
2291 2488 2553 2581 Israel,
2595 2489 2900 2585 quando
2958 2488 3239 2585 egressi
3292 2492 3475 2562 sunt

602 2610 695 2686 de
749 2610 1077 2710 Egypto,
1117 2615 1499 2709 quantum
1534 2611 1754 2687 ibant
1791 2612 2085 2703 dextra,
2122 2615 2438 2687 tantum
2475 2613 2831 2688 redibant
2866 2613 3179 2687 sinistra
3233 2636 3475 2709 quan-

597 2738 772 2811 tum
825 2735 1073 2812 denuo
1129 2737 1440 2812 sinistra
1495 2735 1738 2828 ibant,
1792 2739 2106 2811 tantum
2160 2736 2409 2812 denuo
2464 2740 2674 2812 retro
2731 2737 3352 2813 revertebantur:
3394 2739 3477 2811 et

606 2863 713 2938 sic
766 2863 1119 2938 fecerunt
1170 2854 1365 2961 ipsi¹
1402 2918 1633 2938 .....

763 3067 786 3105 ¹
824 3068 962 3131 Hae
1000 3090 1172 3149 voce,
1227 3091 1266 3133 a
1308 3069 1732 3150 superioribus
1773 3068 2119 3132 editoribus
2157 3089 2282 3131 non
2320 3067 2623 3149 inspecta,
2668 3068 2921 3150 explicit
2961 3068 3191 3131 codicis
3229 3069 3476 3148 pagina.

605 3166 777 3247 Opus
817 3185 968 3230 vero
1007 3168 1187 3232 Petri
1226 3169 1491 3233 Diaconi
1529 3168 1669 3230 heio
1706 3168 2124 3248 interruptum
2162 3167 2363 3230 fuisse
2402 3187 2528 3230 non
2566 3175 2744 3249 puto:
2787 3169 2922 3232 eius
2966 3187 3116 3233 vero
3155 3167 3467 3231 continua-

603 3267 836 3330 tionem
874 3266 943 3329 in
981 3267 1361 3333 bibliotheca
1403 3267 1712 3332 casinensi
1749 3266 1987 3330 frustra
2024 3265 2326 3347 quaesivi.
