4642 6650
1133 1641 1200 1696 37

1261 767 1352 831 44
2248 787 2300 831 s.
2352 787 2616 832 summ
2662 786 3156 833 manentum-10

1259 1024 1486 1099 agere
1524 1004 1862 1094 debeam,
1902 1026 2058 1077 non
2096 1004 2342 1078 dicam
2397 1006 2478 1077 in
2532 1006 2650 1079 his
2704 1005 2946 1079 tantis
3003 1008 3083 1080 et
3136 1005 3446 1097 talibuS,
3506 1028 3704 1101 quae
3759 1006 3957 1081 circa
4013 1027 4136 1079 me

1258 1129 1598 1203 conferre
1654 1128 2012 1224 dignatus
2068 1132 2187 1204 est
2240 1130 2632 1225 indignam
2706 1133 2787 1205 et
2859 1152 3011 1204 non
3087 1135 3533 1223 merentem,
3590 1136 3683 1204 ut
3739 1131 4139 1227 perambu-

1255 1253 1497 1328 larem
1553 1256 1810 1328 omnia
1844 1256 2034 1345 loca,
2076 1277 2274 1350 quae
2311 1256 2461 1330 mei
2501 1256 2757 1330 meriti
2794 1277 2949 1330 non
2987 1260 3249 1331 erant:
3291 1260 3555 1330 tamen
3594 1259 3834 1331 etiam
3871 1259 3952 1329 et
3987 1255 4139 1328 illis

1258 1380 1610 1453 omnibus
1684 1381 1964 1455 sanctis
2019 1402 2158 1456 nec
2231 1381 2516 1456 sufficio
2574 1384 2861 1477 gratias
2918 1404 3177 1478 agere,
3234 1383 3597 1478 quoniam
3669 1383 4138 1477 parvitatem

1257 1527 1507 1578 meam
1565 1505 2084 1601 dignabantur
2118 1507 2201 1580 in
2238 1507 2396 1581 suis
2432 1508 2916 1583 monasteriis
2952 1508 3226 1582 libenti
3266 1507 3522 1581 animo
3562 1508 3963 1603 suscipere,
4014 1505 4138 1581 vel

1257 1632 1463 1704 certe
1500 1653 1635 1726 per
1672 1632 1928 1705 omnia
1955 1632 2123 1706 loca
2170 1631 2180 1724 Ι
2232 1632 2622 1724 deducere,
2672 1654 2868 1728 quae
2905 1653 3045 1727 ego
3083 1632 3304 1706 iuxta
3341 1633 3756 1729 scripturas
3794 1632 4135 1729 require-

1257 1754 1458 1828 bam.
1499 1754 1820 1829 Plurimi
1878 1760 2141 1830 autem
2195 1778 2287 1830 ex
2326 1756 2505 1853 ipsis
2542 1757 2845 1842 sanctia
2878 1758 3010 1851 qui
3046 1757 3130 1830 in
3165 1759 3507 1831 montem
3562 1757 3702 1830 Dei
3759 1757 3883 1831 vel
3942 1755 4140 1830 circa

1256 1877 1504 1971 ipsum
1560 1880 2253 1970 commorabantur,
2312 1879 2609 1975 dignati
2644 1884 2827 1953 sunt
2864 1903 3001 1954 nos
3038 1902 3278 1976 usque
3312 1881 3394 1953 in
3431 1880 3683 1954 Faran
3722 1879 4138 1967 deducere3

1257 2005 1388 2099 qui
1445 2008 1706 2080 tamen
1760 2005 2063 2080 fortiori
2118 2028 2429 2102 corpore
2484 2009 2728 2080 erant.

1416 2131 1526 2206 Ac
1573 2131 1680 2206 sic
1735 2153 1913 2226 ergo
1972 2154 2147 2206 cum
2197 2130 2799 2226 pervenissemus
2854 2130 3128 2222 Faran,
3188 2132 3391 2226 quod
3446 2131 3549 2205 sit
3595 2154 3641 2204 a
3682 2133 3945 2204 monte
4000 2130 4143 2205 Dei

1254 2253 1469 2328 milia
1522 2256 1846 2352 triginta
1911 2259 1997 2330 et
2056 2257 2391 2351 quinque
2421 2246 2473 2346 ¹,
2545 2277 2846 2331 11666336
2900 2277 3039 2329 1163
3096 2255 3248 2329 fuit
3301 2256 3408 2329 ibi
3465 2255 3563 2329 ad
3601 2256 4139 2330 resumendum

1252 2379 1486 2453 biduo
1549 2380 1965 2454 immorari.
2043 2382 2153 2454 Ac
2207 2381 2447 2454 tertia
2503 2380 2624 2455 die
2691 2379 2865 2454 inde
2930 2383 3408 2456 maturantes
3471 2381 3821 2458 venimus
3887 2380 4135 2455 denuo

1254 2505 1354 2578 ad
1423 2507 1919 2598 mansionem,
1995 2505 2074 2578 id
2138 2509 2258 2580 est
2319 2506 2401 2578 in
2466 2506 2852 2581 desertum
2923 2497 3258 2595 Faran²;
3317 2506 3450 2579 ubi
3501 2509 3582 2580 et
3616 2509 3884 2581 euntes
3923 2529 4137 2579 man-

1256 2651 1623 2724 seramus,
1687 2632 1885 2706 sicut
1958 2634 2040 2706 et
2102 2633 2448 2727 superius
2522 2631 2700 2706 dixi.
2769 2632 2955 2707 Inde
3029 2633 3274 2706 denuo
3349 2631 3502 2706 alia
3576 2632 3697 2705 die
3775 2631 4139 2706 facientes

1256 2777 1560 2849 aquam,
1618 2758 1700 2829 et
1754 2758 2026 2829 euntes
2083 2755 2331 2829 adhuc
2386 2756 2953 2850 aliquantulum
3023 2756 3225 2831 inter
3301 2758 3603 2830 montes
3657 2755 4139 2851 pervenimus

1255 2878 1353 2953 ad
1408 2881 1902 2972 mansionem,
1970 2903 2167 2976 quae
2233 2883 2404 2956 erat
2468 2883 2622 2955 iam
2690 2903 2915 2977 super
2980 2904 3218 2973 mare,
3285 2881 3363 2954 id
3439 2884 3557 2955 est
3630 2880 3711 2954 in
3784 2903 3875 2955 eo
3946 2880 4137 2969 1666,

1254 3003 1389 3077 ubi
1443 3004 1597 3077 iam
1653 3004 1748 3079 de
1811 3006 2014 3079 inter
2076 3007 2375 3079 montes
2449 3007 2725 3097 exitur,
2791 3008 2875 3079 et
2936 3005 3300 3100 incipitur
3356 3005 3608 3080 denuo
3664 3006 3922 3079 totum
3983 3004 4141 3078 iam

1253 3127 1477 3201 iuxta
1543 3151 1755 3204 mare
1809 3130 2190 3204 ambulari
2225 3122 2293 3219 ⁸3
2352 3131 2458 3205 sic
2518 3134 2778 3205 tamen
2844 3131 3062 3205 iuxta
3118 3117 3370 3222 mare,⁸
3401 3140 3494 3203 ut
3550 3130 3804 3204 subito
3861 3130 4139 3211 fluctus

1254 3251 1712 3327 animalibus
1767 3253 1994 3350 pedes
2048 3253 2267 3329 cedat
2287 3274 2306 3343 ;
2368 3254 2625 3328 subito
2661 3254 2898 3328 etiam
2935 3255 3131 3329 etin
3186 3256 3495 3330 centum
3532 3257 3613 3329 et
3648 3254 3731 3342 in
3773 3254 4138 3330 ducentos

1250 3364 1540 3472 passus,
1598 3377 2058 3473 aliquotiens
2095 3379 2334 3452 etiam
2388 3381 2469 3452 et
2505 3379 2676 3474 plus
2713 3400 2946 3474 quam
3000 3380 3457 3475 quingentos
3505 3402 3770 3475 passus
3806 3379 3901 3452 de
3939 3377 4135 3451 mari

1252 3522 1388 3595 per
1440 3502 1836 3576 heremum
1874 3501 2354 3576 ambuletur:
2392 3502 2522 3578 via
2559 3501 2761 3577 enim
2801 3502 2954 3576 illic
2992 3504 3296 3597 penitus
3331 3525 3486 3576 non
3523 3506 3663 3594 est,
3709 3502 3839 3578 sed
3875 3505 4134 3577 totum

1234 3624 1543 3734 ‘heremi
1578 3629 1762 3700 sunt
1796 3647 2159 3701 arenosae
2192 3617 2243 3699 ⁴.
2301 3624 2662 3701 Faranite
2719 3629 3006 3718 autem,
3040 3626 3171 3722 qui
3210 3626 3317 3700 ibi
3370 3628 3926 3702 consueverunt
3974 3649 4132 3700 am-

1257 3849 1443 3930 (saec.
1473 3849 1624 3930 XV)
1654 3855 1849 3911 totam
1887 3849 2052 3911 vidit
2094 3869 2393 3930 eversam,
2434 3856 2506 3910 ut
2546 3850 2935 3912 solummodo
2965 3850 3098 3912 eius
3124 3850 3342 3913 ruinas
3384 3856 3666 3912 cerneret
3703 3849 3769 3910 in
3797 3849 3955 3911 colle
3981 3850 4146 3909 inter

1259 3947 1415 4009 duos
1455 3954 1715 4009 montes.
1758 3948 1837 4008 Id
1878 3950 2308 4028 comprobatur
2347 3948 2693 4028 parietinis,
2729 3969 2885 4028 quae
2915 3970 3090 4010 rarae
3119 3949 3185 4010 in
3213 3949 3371 4011 colle
3418 3951 3898 4011 El-Maharrad
3938 3967 4144 4026 super·

1254 4053 1401 4108 sunt
1439 4067 1631 4127 prope
1671 4054 1941 4109 montem
1984 4048 2204 4110 Serbal
2243 4049 2306 4108 in
2350 4048 2535 4125 valle,
2575 4069 2730 4126 quae
2773 4048 2973 4108 adhuc
3013 4068 3237 4110 nomen
3280 4048 3513 4109 retinet
3558 4047 3761 4108 Ouadi
3788 4049 4042 4107 Feiran.

1416 4145 1435 4181 ²
1458 4147 1638 4208 Idem
1677 4146 2071 4207 intervallum
2097 4147 2165 4206 in
2192 4147 2384 4207 Petro
2426 4147 2599 4206 Diae.
2626 4147 2693 4227 (1.
2723 4146 2802 4227 c.)
2843 4153 3119 4225 notatur,
3151 4167 3337 4224 quum
3364 4145 3695 4225 peregrina
3720 4146 3969 4207 Pharan
4004 4163 4143 4223 per·

1254 4242 1512 4306 veniens
1553 4246 1675 4305 iter
1735 4244 1814 4305 ad
1856 4244 2090 4306 Sinaim
2128 4244 2432 4306 tenderet.
2475 4246 2532 4304 E
2569 4246 2726 4323 1000,
2767 4244 2874 4306 ubi
2928 4245 3177 4306 Pharan
3228 4243 3514 4305 extitisse
3563 4250 3836 4323 putatur,
3886 4242 3968 4304 ad
4019 4263 4144 4304 mo-

1251 4339 1593 4401 nasterium
1634 4340 1996 4401 Sinaiticum
2019 4340 2229 4404 kilom.
2260 4341 2671 4420 quadraginta
2697 4340 2944 4402 circiter
2981 4340 3492 4403 adnumerantur:
3534 4339 3720 4418 idque
3761 4341 3951 4401 situm
3991 4338 4140 4401 civi-

1253 4436 1406 4498 tatis
1446 4437 1728 4500 funditus
1770 4439 2013 4500 deletae
2052 4459 2175 4500 11611
2213 4460 2433 4517 parum
2475 4445 2806 4500 sustentat.

1410 4536 1435 4571 ²
1475 4535 1810 4599 Desertum
1849 4537 2114 4616 Pharan,
2158 4537 2321 4615 quod
2370 4537 2678 4599 habitavit
2730 4536 2961 4599 Ismael
3006 4536 3185 4617 (Gen.
3228 4537 3418 4616 XXI,
3460 4538 3583 4617 21),
3625 4542 3796 4598 recte
3849 4535 3919 4596 in
3971 4534 4139 4597 valle

1254 4636 1491 4696 Fciran
1529 4634 1880 4697 collocatur.
1921 4636 2022 4696 Ibi
2063 4635 2254 4697 statio
2295 4636 2496 4697 Israel
2542 4634 2760 4717 (Exod.
2804 4635 2991 4715 XVI,
3033 4640 3088 4715 1,
3130 4635 3234 4716 26)
3276 4636 3440 4696 inter
3481 4634 3646 4695 Elim
3673 4642 3739 4695 et
3764 4634 3952 4712 Sinai,
3981 4653 4139 4712 quae

1254 4740 1320 4795 et
1359 4733 1586 4795 dicitur
1625 4734 1942 4797 desertum
1983 4733 2111 4795 Sin.
2153 4735 2231 4795 In
2268 4734 2478 4797 reditu
2520 4755 2554 4797 6
2598 4734 2767 4796 Sinai
2805 4735 3033 4797 iterum
3071 4733 3415 4813 permansit
3454 4732 3653 4794 Israel
3694 4731 3759 4793 in
3801 4731 4139 4794 solitudine

1253 4831 1506 4893 Pharan
1532 4815 1753 4913 =(Num.
1796 4833 1882 4911 x,
1927 4833 2048 4913 12).

1413 4930 1439 4966 ³
1478 4932 1655 4992 Haec
1694 4931 1952 5009 mansio,
1996 4931 2076 4992 ad
2116 4951 2283 4992 mare
2308 4932 2579 5009 rubrum,
2621 4931 2907 4993 collocari
2945 4952 3068 4993 11611
3108 4935 3319 5011 potest
3348 4929 3480 4991 nisi
3514 4930 3581 4991 in
3612 4930 3782 4992 exitu
3821 4927 4142 5006 montium,

1254 5028 1320 5090 in
1374 5032 1843 5110 Wady·Lakam
1885 5030 1966 5090 ad
2004 5027 2328 5090 meridiem
2377 5030 2604 5091 montis
2644 5033 3319 5092 Hamman-Faraoun:
3364 5049 3482 5106 quo
3524 5034 3914 5105 transgresso
3953 5025 4141 5087 vallis

1261 5129 1630 5190 Gharandel
1668 5128 1963 5207 aperitur,
2003 5127 2111 5189 ubi
2150 5129 2533 5192 mansionem
2574 5130 2738 5189 Elim
2772 5129 2991 5210 (Exod.
3035 5127 3180 5206 XV,
3223 5130 3321 5206 27,
3358 5127 3536 5206 XVI,
3567 5127 3632 5207 4)
3655 5125 3850 5187 fuisse
3891 5122 4144 5203 plurimi

1254 5225 1627 5286 conveniunt
1669 5224 2013 5306 (Robinson
2056 5245 2109 5286 0.
2152 5245 2203 5286 c.
2231 5226 2284 5302 I,
2319 5245 2462 5304 pag.
2491 5227 2616 5307 69).
2647 5226 2730 5285 Et
2749 5234 2951 5288 recte:
2974 5247 3117 5286 nam
3143 5225 3211 5285 id
3239 5225 3579 5302 Peregrina
3612 5243 3727 5284 nos
3755 5222 3953 5299 docet,
3982 5229 4052 5282 ut
4077 5219 4142 5281 in

1254 5321 1445 5383 Petro
1475 5321 1729 5382 diacono
1770 5321 2098 5383 habemus:
2133 5345 2163 5380 «t
2194 5323 2319 5383 Per
2363 5322 2634 5384 triduum
2677 5323 2754 5385 de
2791 5324 3043 5384 sinistro
3079 5321 3368 5383 heremus
3405 5328 3504 5382 est
3536 5320 3831 5398 infinitus,
3852 5338 4048 5396 usque
4079 5319 4144 5377 in

1255 5415 1473 5498 lecum,
1502 5420 1608 5497 qui
1633 5417 1863 5481 dicitur
1888 5420 2212 5480 Arandara
2242 5418 2685 5502 (Gharandel).
2729 5421 3052 5482 Arandara
3079 5428 3287 5482 autem
3315 5426 3414 5480 est
3440 5419 3629 5497 locus,
3659 5420 3764 5496 qui
3792 5417 4141 5497 appellatus

1258 5524 1358 5579 est
1397 5513 1608 5578 Helim
1638 5540 1693 5577 ›.

1417 5617 1443 5651 ⁴
1483 5618 1542 5677 A
1585 5618 1744 5677 valle
1792 5615 2155 5678 Gkarcmdel
2194 5634 2390 5691 usque
2433 5616 2513 5677 ad
2556 5616 2711 5678 Suez
2750 5623 2918 5678 terra
2957 5613 3208 5677 deserta
3248 5622 3313 5676 et
3354 5614 3538 5675 valde
3595 5614 3907 5674 laboriosa
3951 5612 4144 5692 porri·
