4642 6650
1305 817 1428 895 118
2472 847 2672 894 Ps‘rm
2719 848 2991 896 ouoom

1297 1066 1686 1141 destructo
1741 1068 2053 1164 templo,
2091 1044 2380 1143 Romae
2435 1068 2692 1144 delata
2729 1072 2868 1144 est.
2910 1068 2975 1143 A
3012 1070 3259 1144 latere
3295 1091 3477 1144 vero
3532 1068 3843 1144 sinistro
3899 1069 4163 1144 taber-

1292 1193 1547 1267 naculi
1601 1215 1828 1288 super
1882 1215 2152 1267 saxum
2207 1193 2464 1289 posuit
2519 1194 2889 1269 Dominus
2942 1194 3168 1269 Jesus
3206 1194 3550 1268 Christus
3588 1194 3855 1291 pedem
3904 1215 4155 1284 suum,

1294 1318 1597 1413 quando
1655 1339 1831 1393 eum
1888 1317 2221 1414 Symeon
2275 1318 2565 1414 accepit
2607 1319 2688 1393 in
2726 1319 2952 1410 ulniS,
2993 1323 3073 1394 et
3108 1321 3223 1394 ita
3261 1320 3627 1395 remansit
3681 1337 3810 1415 pes
3865 1319 4156 1394 scultus

1292 1442 1598 1533 ibidem,
1657 1465 1744 1516 ac
1799 1441 1864 1515 si
1917 1442 1996 1515 in
2053 1464 2224 1517 cera
2278 1444 2572 1538 positus
2627 1446 2844 1517 esset.
2904 1441 3023 1516 Ab
3079 1443 3230 1517 alio
3288 1465 3468 1518 vero
3524 1444 3767 1519 latere
3823 1443 3985 1518 saxi
4040 1446 4158 1517 est

1293 1569 1830 1644 tabernaculus
1887 1572 2223 1663 apertus,
2281 1569 2363 1641 in
2417 1591 2566 1664 quo
2623 1592 2756 1665 per
2808 1569 3088 1665 gradus
3146 1570 3608 1665 vigintiduo
3648 1569 4151 1644 descendunt:

1292 1696 1402 1770 ibi
1456 1696 1826 1770 Dominus
1881 1695 2179 1786 orabat,
2237 1696 2344 1769 ibi
2383 1699 2464 1771 et
2498 1695 2898 1771 Zacharias
2934 1695 3429 1772 sacrificabat.
3482 1696 3722 1770 Extra
3778 1696 4155 1791 templum

1292 1823 1502 1897 locus
1556 1824 1697 1912 est,
1763 1822 1897 1895 ubi
1951 1821 2348 1896 Zacharias
2423 1821 2624 1895 filius
2699 1822 3112 1897 Barachiae
3186 1821 3636 1898 interfectus
3703 1826 3842 1898 est.
3915 1822 4155 1919 Super

1291 1971 1558 2022 saxum
1616 1947 1694 2020 in
1750 1947 1999 2021 medio
2035 1947 2304 2043 templi
2341 1948 2622 2043 pendet
2657 1948 2973 2023 candela
3027 1969 3286 2038 aurea,
3345 1948 3425 2021 in
3480 1972 3632 2044 qua
3674 1953 3793 2024 est
3847 1949 4155 2045 sanguis

1293 2070 1543 2163 Cristi,
1599 2071 1731 2166 qui
1786 2094 1921 2167 per
1974 2075 2273 2167 petram
2330 2073 2635 2147 scissam
2686 2073 3092 2148 descendit.
3135 2072 3418 2147 Contra
3456 2072 3850 2148 meridiem
3890 2079 4153 2147 autem

1288 2219 1442 2271 non
1479 2197 1706 2293 longe
1744 2197 2118 2293 templum
2162 2196 2609 2289 Salomonis,
2667 2200 2747 2272 in
2803 2221 2955 2295 quo
3012 2199 3367 2290 abitavit,
3409 2201 3929 2274 constructum
3986 2202 4148 2273 est:

1277 2320 1358 2394 in
1396 2343 1547 2416 quo
1585 2325 1769 2395 sunt
1805 2328 2072 2417 portae
2111 2322 2752 2420 vigintiquinque,
2795 2324 3005 2397 intus
3063 2323 3298 2397 habet
3337 2323 3729 2397 columnas
3766 2327 4147 2397 trecentas

1272 2447 1673 2542 sexaginta
1710 2446 1886 2538 duo,
1926 2450 2006 2522 et
2044 2449 2314 2522 subtus
2371 2470 2526 2522 non
2580 2450 2805 2544 longe
2861 2449 3243 2523 cunabula
3290 2447 3596 2539 Christi,
3654 2451 3736 2522 et
3791 2448 4151 2523 balneum

1217 2619 1222 2624 -
1278 2571 1467 2663 eiuS,
1526 2574 1606 2646 et
1659 2571 1944 2646 lectum
1989 2576 2301 2652 sanctae
2341 2572 2478 2647 Dei
2515 2573 2926 2668 genitricis.
2970 2572 3254 2646 Subtus
3292 2572 3667 2667 templum
3702 2572 4010 2646 Domini
4046 2573 4141 2646 ab

1288 2700 1583 2773 oriente
1638 2702 1758 2773 est
1812 2703 2036 2794 porta
2090 2700 2448 2794 speciosa,
2508 2699 2707 2774 unde
2763 2700 3132 2774 Dominus
3186 2699 3535 2788 intravit,
3602 2699 3869 2773 sedens
3924 2720 4147 2795 super

1285 2824 1578 2920 pullum
1620 2824 1920 2912 asinae3
1963 2824 2070 2898 ibi
2124 2827 2205 2899 et
2240 2822 2516 2900 Petrus
2573 2824 2932 2899 claudum
2988 2824 3315 2899 sanavit.
3375 2822 3659 2898 Contra
3713 2824 4147 2920 aquilonem

1288 2933 1408 3024 est
1470 2949 1784 3024 ecclesia
1847 2952 2108 3024 sancte
2162 2951 2409 3041 Anne,
2470 2949 2601 3023 ubi
2653 2950 2902 3024 tribus
2957 2950 3177 3024 annis
3231 2949 3463 3024 beata
3534 2949 3778 3022 Maria
3849 2950 4147 3023 nutrita

1286 3074 1459 3149 fuit.
1501 3074 1745 3169 Prope
1793 3097 1973 3150 vero
2013 3077 2132 3150 est
2167 3075 2561 3170 probatica
2599 3075 2907 3171 piscina,
2949 3096 3096 3171 que
3134 3074 3471 3171 quinque
3509 3074 3844 3170 porticus
3883 3074 4140 3149 habet.

1448 3198 1567 3289 (B.
1621 3222 1677 3273 c.
1732 3199 1898 3290 111)
1953 3199 2045 3272 In
2100 3199 2380 3274 vicinia
2416 3203 2682 3274 autem
2717 3198 2987 3294 templi
3024 3201 3143 3273 est
3179 3198 3614 3295 Bethsayda
3651 3197 3958 3293 piscina,
4015 3221 4139 3294 ge-

1285 3323 1491 3398 mino
1546 3323 1863 3420 insignis
1918 3325 2088 3401 lacu
2146 3329 2487 3423 apparet,
2537 3349 2864 3421 quorum
2903 3324 3102 3400 alter
3142 3324 3447 3400 uberius
3502 3324 3947 3421 plerumque
4005 3323 4144 3398 im·

1280 3450 1539 3546 pletur
1569 3451 1958 3542 imbribus,
1991 3452 2188 3526 alter
2223 3452 2475 3525 rubris
2513 3455 2630 3525 est
2668 3450 2991 3526 discolor
3029 3452 3270 3546 aquis.
3299 3449 3418 3523 Ab
3456 3471 3547 3524 ea
3585 3451 3837 3561 fronte
3871 3449 4147 3523 montis

1284 3574 1512 3672 Syon,
1570 3599 1767 3671 quae
1822 3580 2236 3673 praerupta
2272 3599 2461 3673 rupe
2501 3576 2954 3651 orientalem
2991 3576 3296 3672 plagam
3333 3578 3625 3672 spectat
3658 3599 3674 3648 ε
3718 3575 3922 3648 intra
3983 3599 4148 3648 mu-

1281 3721 1406 3774 ros
1462 3704 1696 3796 atque
1751 3704 1832 3775 in
1885 3702 2263 3777 radicibus
2319 3703 2532 3777 collis
2571 3702 2737 3776 fons
2778 3701 2978 3776 Siloe
3014 3703 3466 3796 prorumpit,
3524 3701 3656 3795 qui
3709 3699 4142 3774 alternante

1284 3826 1591 3921 quidem
1647 3851 2022 3923 aquarum
2060 3851 2361 3904 accessu
2400 3829 2480 3902 in
2517 3827 2911 3903 meridiem
2950 3826 3300 3924 profluit;
3341 3826 3420 3899 id
3457 3828 3598 3917 est,
3639 3848 3794 3900 non
3840 3826 4142 3922 iugibus

1285 3954 1526 4048 aquiS,
1584 3954 1716 4029 sed
1770 3954 1850 4027 in
1905 3956 2131 4030 certis
2184 3955 2416 4046 horiS,
2457 3954 2870 4049 diebusque
2907 3953 3203 4045 ebullit,
3246 3957 3328 4029 et
3364 3974 3498 4048 per
3534 3955 3913 4027 terrarum
3969 3973 4142 4027 con-

1284 4100 1496 4170 cava,
1554 4083 1635 4154 et
1681 4083 1908 4153 antra
1945 4081 2107 4155 saxi
2144 4080 2528 4154 durissimi
2565 4082 2827 4155 venire
2866 4079 3281 4154 consuevit.
3324 4078 3415 4151 In
3453 4100 3808 4173 suprema
3861 4077 4143 4153 montis

1284 4197 1493 4301 Syon
1547 4205 1866 4301 planitie
1922 4209 2038 4280 est
2092 4206 2404 4281 ecclesia
2472 4228 2751 4301 magna
2806 4206 2903 4278 ab
2961 4204 3324 4300 apostolis
3387 4203 3741 4299 fundata,
3790 4225 3880 4277 eo
3936 4203 4137 4300 quod

1279 4330 1390 4404 ibi
1427 4329 1796 4426 Spiritum
1832 4336 2182 4406 sanctum
2221 4334 2697 4427 acceperunt,
2740 4330 2996 4426 ibique
3031 4332 3294 4404 sancta
3332 4328 3574 4403 Maria
3610 4328 3824 4419 obiit,
3864 4329 3945 4402 in
3989 4352 4142 4425 qua

1278 4456 1514 4530 etiam
1565 4442 1775 4531 locus
1831 4479 2058 4532 cenae
2111 4457 2417 4531 Domini
2476 4457 2928 4531 ostenditur.
2973 4454 3118 4530 Sed
3174 4458 3255 4530 et
3310 4455 3662 4529 columna
3716 4477 4139 4530 marmorea

1280 4582 1359 4654 in
1413 4580 1662 4655 medio
1717 4584 1899 4672 stat,
1939 4583 2061 4657 cui
2107 4582 2476 4656 adherens
2518 4580 2883 4655 Dominus
2918 4580 3352 4675 flagellatus
3390 4582 3526 4653 est.
3569 4578 3710 4653 Hic
3764 4585 4138 4653 monstra·

1278 4707 1412 4778 tur
1464 4706 1705 4800 petra,
1747 4725 1974 4800 super
2009 4729 2240 4800 quam
2276 4705 2661 4801 lapidatus
2698 4706 2817 4779 est
2856 4703 3285 4799 Stephanus
3323 4702 3595 4777 martir
3631 4702 4135 4794 beatissimus,

1279 4832 1430 4905 sita
1485 4833 1705 4905 extra
1759 4832 2175 4906 civitatem.
2234 4831 2325 4904 In
2383 4831 2630 4905 medio
2688 4834 2949 4904 autem
3014 4829 3467 4921 Jerusalem,
3532 4828 3659 4902 ubi
3714 4850 3934 4903 cruce
3989 4828 4139 4904 Do·

1281 4958 1469 5030 mini
1523 4959 1997 5053 superposita
2071 4961 2421 5031 mortuus
2496 4956 2937 5047 resurrexit,
3012 4956 3365 5030 columna
3438 4956 3635 5030 celsa
3708 4959 3890 5046 stat,
3947 4977 4141 5051 quae

1279 5084 1524 5159 estivo
1580 5083 1911 5157 solstitio
1969 5083 2320 5156 umbram
2376 5104 2529 5157 non
2584 5082 2808 5170 facit;
2868 5081 3023 5155 illic
3078 5081 3445 5155 medietas
3502 5060 3764 5154 mundi
3819 5084 3960 5155 est.

1439 5210 1783 5302 (Pereqr.)
1840 5209 1928 5282 In
1960 5208 2271 5284 ecclesia
2299 5232 2504 5299 vero,
2536 5231 2734 5304 qnae
2774 5207 3052 5282 dicitur
3087 5209 3351 5280 sancta
3391 5205 3618 5303 Syon,
3660 5209 3777 5281 est
3812 5207 4134 5281 thronus

1278 5332 1532 5409 Iacobi
1569 5334 1831 5407 fratris
1868 5332 2197 5423 Domini,
2229 5333 2362 5429 qui
2396 5332 2616 5406 iuxta
2654 5332 3025 5426 templum
3053 5331 3397 5427 sepultus
3426 5333 3542 5405 est
3562 5320 3618 5402 ¹:
3650 5330 3730 5403 in
3759 5352 3847 5406 eo
3879 5334 4138 5405 autem

1437 5602 1872 5666 ¹'Cathedram
1913 5603 2048 5665 sive
2093 5593 2300 5686 θρόνον
2346 5625 2394 5665 s.
2424 5603 2654 5680 Iacobi,
2683 5604 2866 5683 primi
2896 5570 3169 5683 episcopi
3210 5599 3781 5681 Hierosolymitani,
3822 5618 4020 5679 usque
4055 5597 4129 5662 ad

1271 5721 1388 5764 sua
1427 5706 1705 5782 tempora
1744 5708 2053 5765 servatam
2096 5710 2162 5765 et
2202 5709 2559 5765 veneratam
2598 5701 2794 5765 fuisse
2835 5702 3116 5764 adfirmat
3160 5701 3468 5764 Eusebius
3521 5700 3885 5780 Pamphilus
3938 5699 4132 5781 (Hist.
