4642 6650
1199 666 1289 730 524
2266 734 2271 741 ,
2457 687 2511 734 s,
2559 687 2815 732 mnAmt

2985 779 3416 787 „mn-m

1186 892 1464 981 ‘norem
1538 905 2085 981 demutationis
2157 907 2628 1003 impertiens;
2692 910 2780 982 ut
2834 908 2967 1002 qui
3021 930 3174 982 non
3241 909 3565 1005 populus
3628 932 3812 984 suus
3867 911 4063 999 erat,

1199 1032 1527 1128 populus
1584 1055 1766 1106 suus
1821 1032 1958 1119 sit;
2011 1036 2091 1106 et
2136 1056 2331 1128 quae
2387 1056 2540 1107 non
2595 1036 2786 1124 erat,
2847 1033 3127 1107 dilecta
3164 1035 3287 1108 sit.
3348 1034 3583 1110 Israel
3621 1057 3948 1131 namque
3985 1034 4068 1108 in

1202 1158 1595 1231 Abraham
1632 1161 1853 1253 patre
1892 1181 2028 1232 suo
2085 1158 2371 1233 electus
2408 1181 2501 1232 ex
2556 1160 2912 1255 gentibus
2969 1163 3109 1250 est,
3151 1163 3242 1233 ut
3296 1161 3377 1234 in
3431 1162 3742 1256 psalmis
3781 1162 4070 1235 dictum

1203 1274 1422 1356 est¹:
1511 1287 1541 1319 “
1589 1283 1877 1357 Domus
1932 1283 2159 1358 Iacob
2216 1284 2308 1359 de
2365 1287 2644 1381 populo
2702 1286 3027 1359 barbaro
3079 1341 3142 1373 „.
3223 1286 3361 1361 Sed
3423 1289 3748 1382 peccatis
3805 1289 4075 1361 immo-

1202 1432 1406 1499 rans,
1446 1413 1527 1484 et
1564 1410 1783 1485 vanis
1838 1410 2333 1506 religionibus
2389 1411 2715 1502 dedituS,
2758 1415 2836 1486 et
2890 1413 3276 1509 promissis
3316 1413 3458 1487 Dei
3514 1412 3858 1504 infidelis,
3899 1436 4070 1509 pro-

1204 1537 1609 1611 missorum
1666 1536 1976 1610 effectus
2047 1558 2313 1631 capere
2371 1559 2525 1610 non
2598 1538 2903 1627 meruit,
2976 1540 3058 1611 et
3130 1539 3344 1633 prior
3378 1530 3406 1572 ²
3460 1540 3748 1614 electus
3803 1539 3885 1612 in
3941 1538 4081 1612 Dei

1203 1663 1570 1760 populum
1625 1663 1993 1737 honorem
2049 1663 2441 1737 electionis
2500 1664 2781 1737 amisit.
2843 1663 3171 1738 Tacetur
3209 1665 3411 1739 enim
3451 1664 3544 1740 de
3581 1664 3816 1739 Israel
3867 1666 4078 1760 prius

1207 1811 1300 1863 ex
1354 1787 1763 1862 fornicaria
1798 1780 1825 1822 ⁸
1881 1786 2110 1877 edito,
2172 1790 2252 1861 et
2308 1788 2554 1861 omnis
2629 1787 2721 1861 de
2777 1791 3044 1883 postea
3098 1788 3378 1883 genitis
3435 1789 3573 1863 Dei
3630 1811 3878 1864 sermo
3935 1792 4076 1880 est,

1206 1914 1511 1989 relectis
1565 1916 1796 1987 antea
1851 1916 1932 1988 et
1969 1914 2065 1987 ab
2104 1913 2376 1988 effectu
2416 1937 2503 1988 ac
2559 1915 3026 2009 proprietate
3066 1916 3493 2006 summotiS‚
3535 1918 3738 1988 natis
3777 1915 3877 1989 ad
3925 1937 4079 1989 non

1208 2039 1698 2137 diligendum,
1750 2039 2030 2135 genitis
2086 2039 2185 2113 ad
2222 2062 2376 2113 non
2430 2041 2846 2115 utendum:
2887 2041 3018 2115 sed
3072 2042 3405 2136 primum
3451 2018 3940 2117 fornicariam
3999 2045 4083 2115 in

1206 2184 1557 2264 sponsam
1614 2165 1773 2240 Deo
1832 2164 2007 2238 fidei
2061 2168 2141 2240 et
2194 2164 2541 2240 iustitiae
2597 2167 2872 2241 electa:
2934 2167 3203 2259 dehinc
3240 2168 3370 2262 qui
3412 2189 3566 2242 non
3622 2168 3904 2259 dilecti,
3944 2167 4075 2263 qui

1207 2314 1361 2365 non
1416 2290 1557 2380 sui,
1618 2290 1749 2385 qui
1805 2290 1897 2363 de
1962 2289 2413 2364 fornicariae
2488 2295 2741 2386 partu,
2799 2292 2908 2364 hii
2991 2292 3322 2367 videntis
3379 2292 3519 2368 Dei
3575 2292 3716 2367 filii
3791 2315 4084 2368 nuncu-

1207 2417 1522 2512 pantur:
1564 2417 1644 2489 et
1697 2414 1820 2489 hic
1875 2413 2181 2510 quidem
2218 2414 2362 2489 Dei
2416 2437 2689 2506 sermO,
2738 2438 2888 2511 quo
2943 2416 3316 2512 propheta
3371 2440 3686 2492 uxorem
3742 2418 4078 2514 accipere

1211 2539 1699 2614 fornicariam
1753 2539 2088 2630 iubetur,
2129 2539 2406 2614 idcirco
2447 2541 3150 2615 commemorandus
3189 2541 3363 2632 fuit,
3403 2544 3496 2615 ut
3533 2541 4034 2637 praeformari
4062 2533 4091 2575 ⁴

1213 2665 1470 2738 omnia
1506 2686 1640 2760 per
1679 2667 1893 2759 gesta
1949 2634 2229 2738 veteris
2286 2667 2761 2756 testamenti,
2803 2688 3043 2762 eaque
3099 2667 3178 2739 in
3233 2666 3561 2741 Domino
3617 2670 3697 2741 et
3750 2688 3887 2762 per
3940 2666 4089 2739 Do-

1213 2792 1508 2865 minum
1545 2790 1876 2886 gerenda
1914 2812 2074 2864 esse
2115 2790 2475 2865 docemur
2500 2783 2549 2864 ⁵.
2592 2791 2755 2866 Hoc
2793 2793 2954 2888 ipso
2996 2792 3200 2888 quod
3239 2792 3656 2889 prophetae
3687 2791 4095 2866 fornicaria

1086 2953 1160 3012 23
1217 2910 1226 3018 Ι
1269 2917 1640 3015 iungitur,
1681 2916 2194 3012 intelligemus
2237 2917 2533 2991 ostendi
2569 2918 2934 3013 gentilem
2973 2917 3487 3013 ignorantiam
3516 2916 3880 2991 doctrinis
3920 2938 4091 3011 pro-

1217 3043 1651 3139 phetalibus
1708 3043 2091 3138 ‘copularit
2150 3064 2242 3117 ex
2299 3042 2575 3137 quibus
2632 3043 2894 3137 geniti,
2953 3065 3047 3117 ex
3100 3065 3254 3116 non
3310 3042 3603 3117 dilectis
3661 3041 3942 3132 dilecti,
4000 3063 4096 3116 ex

1215 3191 1370 3243 non
1424 3169 1703 3265 populo
1756 3167 2105 3263 populus,
2161 3189 2252 3242 ex
2300 3167 2709 3242 fornicaria
2762 3171 3011 3242 matre
3065 3168 3207 3243 Dei
3261 3168 3399 3241 filii
3460 3171 3935 3243 vocarentur.

1377 3293 1491 3369 Ex
1546 3294 1688 3370 hoc
1743 3293 2049 3389 quidem
2108 3294 2458 3390 quamvis
2517 3294 2708 3370 utile
2762 3294 2998 3370 fuerit
3054 3294 3152 3369 ad
3217 3294 3812 3393 cognoscendam
3867 3294 4086 3391 spiri-

1219 3421 1555 3497 tualium
1591 3424 1983 3518 gestorum
2020 3421 2610 3516 significantiam
2646 3423 3041 3512 tractasse,
3092 3425 3381 3512 tamen,
3412 3423 3556 3497 hac
3592 3421 3714 3496 vel
3754 3420 4090 3494 maxime

1223 3573 1474 3641 causa,
1531 3550 1654 3624 hic
1707 3549 1917 3623 locus
1957 3550 2594 3623 commemoratus
2633 3573 2679 3624 a
2717 3549 2935 3623 nobis
2972 3552 3129 3623 est:
3169 3552 3261 3623 ut
3299 3548 3480 3644 quia
3519 3548 3829 3622 futurus
3866 3546 4086 3620 nobis

1232 3675 1325 3750 de
1359 3674 1576 3748 Raab
1614 3695 1862 3748 sermo
1901 3675 2122 3763 esset,
2160 3694 2296 3768 per
2335 3694 2561 3769 quem
2599 3673 3099 3769 praeformari
3138 3673 3219 3747 in
3258 3695 3350 3747 ea
3391 3673 3783 3749 ecclesiam
3832 3674 4088 3746 osten-

1224 3800 1596 3873 deremus,
1656 3798 1855 3872 Tuto
1896 3798 2543 3893 comparationem
2583 3799 2780 3873 hanc
2820 3799 3179 3876 ecclesiae
3218 3802 3452 3894 atque
3494 3797 3914 3872 meretricis
3950 3820 4089 3892 pro

1222 3946 1482 3999 sensus
1565 3923 1810 3998 nostri
1890 3923 2404 4018 intelligentia
2476 3945 2950 4019 poneremus,
3027 3945 3200 3998 cum
3273 3924 3576 4022 quando
3671 3923 4083 3997 fornicaria

1221 4050 1638 4147 prophetae
1692 4049 1955 4123 iuncta
1993 4048 2091 4120 ad
2145 4048 2504 4123 ecclesiae
2540 4046 3272 4142 praeformationem
3315 4050 3394 4121 in
3430 4069 3648 4142 spem
3698 4049 4099 4121 aeternam

1223 4174 1572 4249 iustitiae
1626 4177 1708 4248 et
1762 4173 1938 4248 fidei
1991 4177 2072 4248 et
2128 4172 2582 4269 cognitionis
2641 4172 2782 4248 Dei
2836 4172 3299 4269 reperiretur
3339 4195 3499 4247 esse
3538 4173 3929 4268 desponsa.
3987 4170 4090 4244 Et

1224 4302 1306 4374 in
1362 4322 1450 4375 eo
1491 4299 1824 4396 quidem,
1883 4298 2086 4394 quod
2140 4299 2280 4372 sub
2318 4290 2627 4373 Iesum⁶
2667 4299 2923 4372 omnia
2978 4298 3058 4371 in
3096 4320 3186 4373 ea
3223 4301 3440 4394 gesta
3495 4299 3701 4388 sunt,
3761 4295 4094 4370 maxima

1224 4426 1474 4503 virtus
1529 4428 1647 4501 est
1701 4424 2170 4521 prophetiae.
2230 4423 2321 4497 In
2377 4423 2550 4497 Iesu
2608 4425 2809 4498 enim
2849 4424 3386 4519 cognominato
3435 4422 3792 4496 absoluta
3847 4421 4097 4495 futuri

1227 4551 1684 4627 sacramenti
1705 4550 1906 4624 ratio
1939 4552 2369 4624 monstrata
2398 4552 2546 4624 est:
2577 4571 2902 4644 namque
2921 4551 3095 4644 post
3125 4549 3462 4622 multum
3478 4547 3623 4621 Dei
3651 4548 3749 4621 ad
3784 4548 4099 4643 Moysen

1227 4700 1675 4768 sermonem,
1717 4698 1888 4751 cum
1929 4676 2217 4750 dictum
2246 4674 2317 4750 ei
2355 4677 2578 4766 esset,
2622 4678 2712 4748 ut
2748 4675 3007 4749 omnia
3035 4673 3451 4748 secundum
3492 4672 3839 4769 speciem,
3873 4694 4103 4767 quam

1227 4805 1309 4879 in
1344 4807 1605 4878 monte
1643 4802 1985 4895 vidisset,
2024 4801 2310 4876 faceret
2346 4800 2428 4873 in
2465 4804 2698 4893 terra,
2741 4800 2992 4876 Iesum
3022 4790 3073 4889 ⁷,
3116 4798 3249 4895 qui
3306 4797 3549 4873 Auses
3597 4800 3830 4873 antea
3884 4819 4106 4874 voca-

1227 4932 1484 5022 batur,
1543 4927 2114 5025 cognominavit
2153 4927 2418 5002 ducem
2455 4926 2735 5023 populo
2785 4926 2882 4999 ad
2938 4928 3230 5000 terram
3287 4924 3889 5020 repromissionis
3943 4944 4110 5019 per-

1230 5057 1444 5153 genti
1481 5056 1865 5144 futurum3
1907 5053 2006 5127 ad
2041 5052 2366 5149 speciem
2406 5051 2751 5127 coelestis
2787 5051 3114 5128 visionis
3151 5049 3399 5124 iussus
3429 5050 3728 5146 Moyses
3756 5050 4115 5123 universa

1396 5381 1412 5413 ¹
1445 5371 1614 5433 Psal.
1645 5369 1886 5449 CXIII,
1919 5373 1950 5431 1
1981 5400 2053 5411 -
2083 5377 2104 5410 ²
2131 5368 2339 5449 priore
2367 5410 2440 5422 -
2466 5376 2488 5408 ⁸
2518 5367 2815 5430 fonicario
2837 5397 2909 5408 -
2938 5377 2959 5408 ⁴
2986 5373 3059 5429 ut
3087 5367 3229 5445 quia
3256 5365 3658 5446 praeformari
3686 5398 3768 5412 -—
3797 5372 3821 5406 ὅ
3849 5385 3925 5428 ea
3954 5383 4112 5443 quae

1232 5472 1298 5533 in
1336 5471 1665 5533 Dominum
1706 5477 1771 5531 et
1807 5489 1919 5548 per
1956 5469 2287 5531 Dominum
2328 5468 2599 5547 gerenda
2641 5489 2783 5531 esse
2822 5468 3055 5547 docem;
3084 5495 3156 5508 —
3184 5476 3206 5509 ⁶
3240 5466 3494 5529 Scilicet
3533 5467 3757 5528 Iosue:
3801 5470 3867 5527 et
3907 5464 3972 5524 in
4013 5484 4120 5524 ru-

1233 5570 1406 5633 brica
1442 5568 1672 5648 legitur
1698 5592 1748 5634 ‚«
1771 5567 1850 5628 de
1892 5567 2156 5628 ihunave
2182 5593 2212 5625 »
2260 5604 2341 5613 —
2382 5575 2402 5608 ⁷
2433 5567 2714 5628 Hiesum.
3683 5565 3696 5578 “

4099 5783 4208 5812 d..
