4642 6650
1117 1765 1187 1820 38

1242 763 1331 830 46
2230 785 2285 830 s.
2335 784 2599 830 summ
2643 786 3139 833 rannonma‘rlo

1243 1006 1325 1078 et
1376 1003 1484 1077 ibi
1540 1003 1790 1078 denuo
1846 1025 2254 1095 resumere;
2313 1005 2681 1100 quoniam
2734 1006 2886 1082 iter
2941 1006 3240 1083 heremi
3298 1028 3705 1082 arenosum
3739 1008 3966 1084 valde
4017 1009 4127 1087 fe·

1240 1152 1609 1205 ceramus.

1402 1254 1600 1330 Sane
1637 1255 1818 1330 licet
1850 1258 2142 1331 terram
2180 1255 2411 1332 Gesse
2450 1257 2607 1331 iam
2660 1279 2963 1334 nossem
3001 1250 3054 1350 ¹,
3111 1257 3192 1332 id
3249 1261 3368 1335 est
3420 1282 3574 1355 qua
3626 1259 3983 1356 primitus
4035 1262 4136 1335 ad

1240 1380 1632 1478 Egyptum
1678 1380 1976 1456 fueram
2003 1372 2064 1455 ²:
2120 1384 2385 1456 tamen
2438 1387 2532 1457 ut
2585 1383 3110 1478 praeviderem
3167 1385 3428 1459 omnia
3491 1385 3684 1475 loca,
3744 1406 3942 1480 quae
3993 1386 4134 1460 filii

1240 1505 1502 1598 Israel,
1559 1508 1923 1582 exeuntes
1961 1504 2054 1582 de
2090 1506 2448 1582 Ramesse
2476 1497 2531 1596 ³,
2569 1508 2997 1604 tetigerant
3037 1512 3340 1600 eunteS,
3374 1509 3610 1584 donec
3645 1509 4135 1606 pervenirent

1196 1618 1481 1727 'usque
1534 1630 1633 1704 ad
1686 1652 1900 1706 mare
1953 1632 2273 1706 rubrum
2331 1631 2495 1728 (qui
2548 1634 2757 1707 locus
2814 1656 3017 1708 nunc
3074 1633 3171 1710 de
3226 1638 3503 1725 castro,
3561 1635 3768 1730 quod
3827 1634 3935 1708 ibi
3989 1639 4130 1726 est,

1240 1758 1671 1854 appellatur
1724 1756 2075 1850 Oles'ma),
2136 1758 2458 1834 desideri
2514 1780 2698 1855 ergo
2755 1758 2930 1851 fuit,
2992 1763 3085 1834 ut
3132 1759 3143 1852 Ι
3193 1760 3287 1835 (16
3342 1759 3637 1836 Clesma
3692 1762 3790 1834 ad
3842 1765 4131 1838 terram

1241 1881 1468 1958 Gesse
1495 1882 1899 1973 exiremus,
1939 1883 2019 1956 id
2059 1884 2179 1958 est
2216 1880 2316 1956 ad
2353 1883 2777 1978 civitatem,
2819 1904 3016 1979 quae
3059 1884 3495 1980 appellatur
3532 1884 3818 1959 Arabia
3843 1877 3896 1978 ⁴¹,
3937 1909 4132 1982 quae

1241 2007 1511 2083 civitas
1575 2007 1657 2081 in
1699 2010 1910 2082 terra
1959 2006 2187 2083 Gesse
2225 2010 2378 2082 est:
2428 2032 2608 2082 nam
2659 2008 2836 2084 inde
2890 2009 3162 2106 ipsum,
3189 2010 3670 2086 territorium
3730 2012 3839 2086 sic
3876 2011 4132 2106 appel-

1236 2133 1471 2225 latur,
1526 2132 1606 2206 id
1660 2135 1801 2223 est,
1834 2135 2042 2208 terra
2102 2132 2449 2225 Arabiae,
2487 2137 2696 2210 terra
2751 2134 3006 2226 Gesse,
3052 2157 3250 2230 quae
3302 2139 3566 2211 tamen
3603 2138 3814 2210 terra
3850 2135 4137 2233 Egypti

1237 2281 1413 2353 pars
1467 2260 1611 2351 est,
1667 2257 1798 2334 sed
1852 2258 2122 2333 melior
2174 2259 2365 2333 satis
2420 2283 2652 2355 quam
2709 2260 2956 2335 omnis
3010 2260 3372 2357 Egyptus
3431 2263 3576 2336 est.
3621 2258 3817 2334 Sunt
3853 2281 4035 2356 ergo
4090 2283 4137 2333 a

1240 2382 1558 2474 Clesma,
1587 2382 1667 2456 id
1695 2387 1813 2459 est
1850 2407 1897 2458 a
1933 2384 2130 2457 mari
2166 2384 2425 2476 rubro,
2456 2407 2698 2480 usque
2726 2384 2824 2458 ad
2855 2384 3219 2459 Arabiam
3262 2385 3449 2461 civit
3464 2388 3674 2460 atem
3710 2385 4139 2460 mansiones

1237 2510 1611 2604 quattuor
1645 2502 1672 2545 ⁵
1707 2530 1842 2604 per
1876 2509 2227 2597 heremo;
2268 2509 2375 2585 sic
2410 2512 2674 2584 tamen
2711 2533 2846 2605 per
2882 2509 3304 2599 heremum,
3358 2513 3453 2584 ut
3498 2514 3672 2585 cata
3707 2510 4138 2585 mansiones

1237 2687 1422 2757 atque
1460 2680 1527 2741 in
1567 2680 1917 2742 narratione
1958 2681 2251 2743 ulteriore
2292 2680 2404 2742 fiet
2443 2680 2846 2743 luculentior:
2887 2686 3094 2741 tamen
3133 2701 3257 2742 non
3296 2700 3394 2741 me
3441 2679 3609 2759 fugit
3656 2680 3879 2760 pedem
3941 2679 4138 2741 offen-

1236 2777 1382 2838 dere
1418 2777 1623 2839 videri
1664 2778 1730 2839 in
1772 2777 2155 2857 epigraphen
2195 2778 2525 2840 miliariam
2562 2797 2763 2856 nuper
2801 2784 3111 2857 repertam
3154 2798 3191 2838 a
3231 2779 3309 2839 61.
3351 2797 3413 2838 v.
3455 2778 3527 2838 E.
3587 2776 3837 2838 Naville
3887 2777 3951 2838 in
3995 2777 4129 2838 loco

1245 2877 1834 2939 Tell-el-Maaechuta
1882 2876 2086 2938 medio
2134 2877 2199 2937 in
2245 2877 2507 2954 isthmo:
2550 2896 2706 2954 quae
2733 2875 3023 2936 milliaria
3065 2895 3290 2937 novem
3340 2882 3583 2937 tantum
3630 2876 3796 2936 inter
3836 2874 4138 2937 civitates

1235 2972 1639 3052 Heroopolim
1679 2980 1743 3034 et
1785 2972 2038 3052 Clysma
2077 2974 2303 3035 statuit
2341 2973 2583 3051 graecis
2637 2980 2703 3034 et
2756 2971 2971 3034 latinis
3012 2973 3288 3034 numeris
3327 3009 3410 3019 —
3458 2972 3602 3033 DD.
3649 2972 3790 3034 NN.
3839 2972 4131 3034 VICTO-

1236 3072 1496 3135 RIBVS
1531 3075 1541 3153 Ι
1576 3072 2086 3135 ΜΑΧΠΠΑΝΟ
2148 3073 2258 3133 ΕΤ
2314 3071 2647 3134 SEVERO
2685 3074 2694 3150 Ι
2730 3071 3439 3133 IMPERATORIBVS
3482 3072 3592 3132 ET
3640 3075 3649 3152 1
3684 3072 4135 3134 ΜΑΧΠΠΝΟ

1238 3171 1349 3233 ΕΤ
1391 3170 1953 3232 CONSTANTIno
1989 3174 1999 3251 Ι
2035 3170 2616 3234 NOBILISSIMIS
2659 3168 3179 3232 CAESARIBVs
3215 3172 3225 3249 Ι
3262 3171 3377 3231 ΑΒ
3416 3170 3588 3232 ERO
3627 3171 3724 3233 IN
3755 3170 4092 3233 OLVSMA
4127 3171 4137 3253 Ι

1237 3252 1360 3341 Μ
1376 3267 1579 3331 VIIII
1595 3273 1649 3332 Θ
1666 3303 1743 3313 -
1758 3268 1939 3331 Hunc
1959 3268 2230 3349 lapidem
2246 3269 2448 3331 denuo
2464 3267 2663 3332 edidit
2677 3268 2791 3329 Th.
2809 3268 3153 3330 Mommsen
3167 3268 3243 3330 cl.
3259 3288 3318 3330 v.
3338 3266 3629 3349 (Ephem.
3649 3268 3849 3348 epigr.
3865 3269 3944 3348 V,
3958 3289 4018 3348 p.
4037 3271 4138 3349 12,

1236 3391 1297 3433 n.
1322 3373 1416 3448 18,
1442 3377 1506 3431 et
1524 3389 1585 3449 p.
1605 3369 1744 3447 570,
1764 3388 1823 3431 n.
1848 3370 2051 3450 1327),
2074 3389 2258 3446 quum
2281 3367 2831 3431 animadvertisset
2855 3367 3010 3428 illud
3040 3367 3433 3430 intervallum
3462 3368 3591 3428 Itin
3602 3369 3802 3430 erario
3831 3357 4138 3430 Antonini

1234 3489 1356 3530 non
1395 3486 1753 3546 congruere,
1793 3467 1860 3527 in
1900 3487 2020 3545 quo
2061 3466 2233 3527 milia
2273 3466 2563 3530 LXVIII
2603 3466 2768 3528 inter
2808 3485 2914 3527 eas
2970 3467 3155 3527 urbes
3205 3465 3696 3527 constituuntur:
3755 3475 4137 3547 quapropter

1234 3563 1679 3643 difficultatem,
1707 3585 1829 3642 qua
1855 3569 1991 3625 erat
2029 3563 2398 3643 implicatus,
2442 3563 2766 3643 effugiens,
2807 3564 3072 3623 alterum
3119 3562 3372 3642 Clysma
3412 3571 3762 3642 opportune
3787 3561 4023 3643 fingere
4055 3564 4136 3624 ad

1235 3662 1438 3723 lacum
1485 3663 1732 3723 Rmsah.
1772 3682 1894 3723 non
1937 3660 2267 3723 dubitavit.
2297 3660 2424 3722 Sed
2463 3661 2647 3723 huius
2689 3681 2812 3722 non
2850 3659 3237 3739 indigemus:
3266 3660 3430 3738 quod
3455 3660 3618 3740 lapis
3645 3661 3710 3721 in
3737 3661 3841 3722 via
3871 3661 4136 3723 militari

1236 3761 1498 3839 positus,
1542 3780 1698 3838 quae
1740 3747 2006 3821 deducta
2047 3766 2182 3820 erat
2221 3779 2298 3820 ex
2337 3759 2509 3820 Hero
2554 3759 2806 3838 Clysma
2860 3779 3100 3836 versus,
3157 3765 3356 3820 totum
3406 3759 3678 3838 spatium
3717 3760 3967 3821 itineris
4009 3780 4139 3822 non

1239 3856 1560 3936 indicaret,
1603 3857 1714 3919 sed
1755 3863 2034 3918 moneret
2072 3857 2175 3917 IX
2213 3856 2490 3917 millibus
2532 3875 2828 3935 passuum
2882 3876 2920 3917 a
2960 3854 3216 3917 civitate
3256 3856 3426 3916 Hero
3469 3856 3705 3918 distare
3747 3856 3966 3935 1661116,
4011 3878 4134 3935 quo
4220 3863 4223 3865 ’

1239 3962 1377 4017 erat
1415 3955 1672 4018 adfixus.
1715 3955 1918 4018 Locus
1959 3963 2184 4034 autem,
2224 3955 2332 4016 ubi
2387 3954 2578 4016 castri
2631 3954 2870 4017 romani
2923 3954 3149 4016 rudera
3205 3955 3276 4015 Ε.
3319 3954 3568 4016 Naville
3621 3960 3958 4034 perspexIt,
4011 3975 4138 4018 non

1235 4054 1422 4133 longe
1465 4075 1503 4115 a
1542 4053 1795 4116 Phitom
1837 4055 2124 4116 extitisse
2164 4054 2432 4133 videtur,
2477 4055 2535 4115 si
2574 4060 2850 4115 nostram
2890 4075 3083 4133 prope
3126 4059 3191 4115 et
3228 4053 3501 4115 fideliter
3539 4053 4026 4132 insequeremur.

1400 4151 1418 4186 ¹
1445 4151 1596 4216 Ood.
1623 4176 1655 4210 (ι
1673 4159 1840 4213 terra
1859 4172 2045 4230 gesse
2067 4152 2191 4213 iam
2211 4173 2399 4214 nosse
2421 4176 2474 4212 ».
2493 4153 2737 4214 Gessen
2756 4152 2932 4231 regio
2957 4151 3277 4213 orientalis
3297 4153 3574 4231 Aegypti
3596 4152 3892 4214 Arabiam
3916 4173 4140 4215 versus

1239 4272 1277 4314 a
1316 4250 1639 4311 Pharaone
1678 4249 1828 4311 filiis
1856 4251 2052 4312 Jacob
2082 4250 2314 4311 tradita
2345 4251 2528 4332 (Gen.
2557 4250 2760 4329 XLV,
2792 4252 2888 4328 10,
2916 4250 3153 4328 XLVI,
3181 4252 3280 4328 28,
3312 4251 3411 4328 34,
3441 4249 3711 4327 XLVII,
3743 4253 3798 4328 1,
3825 4252 3886 4326 4,
3915 4254 3974 4328 6,
4000 4253 4106 4332 27)
4125 4297 4140 4311 .

1403 4348 1428 4384 ²
1455 4349 1582 4410 Per
1607 4349 1965 4427 Aegyptum
1993 4349 2392 4428 peregrinata
2417 4355 2516 4411 est
2548 4368 2708 4410 anno
2737 4348 3074 4427 superiore,
3099 4347 3274 4409 cuius
3294 4347 3385 4409 rei
3416 4367 3492 4409 ex
3519 4348 3710 4410 Petro
3738 4347 3911 4409 Diae.
3936 4369 4141 4426 quam·

1240 4445 1385 4507 dam
1426 4444 1928 4507 informationem
1966 4445 2284 4508 habemus

1399 4542 1425 4579 ³
1455 4541 1758 4604 Ramesse
1806 4544 1957 4605 urbs
1998 4542 2324 4604 aedificata
2364 4563 2402 4603 a
2439 4541 2591 4603 filiis
2628 4541 2830 4603 Israel
2874 4541 3100 4621 (Exod.
3142 4541 3198 4618 I,
3243 4541 3345 4620 11)
3389 4540 3457 4601 in
3501 4540 3763 4618 Gessen,
3805 4542 3872 4601 16
3907 4541 4142 4620 optimo

1235 4650 1440 4704 terrae
1482 4641 1618 4703 loco
1662 4640 1915 4721 (Genes.
1958 4641 2230 4720 XLVII,
2277 4641 2403 4721 11),
2447 4640 2617 4724 dicta
2655 4659 2778 4700 una
2819 4659 2956 4700 cum
2997 4640 3252 4700 Phitom
3296 4639 3447 4699 urbs
3489 4639 4060 4701 tabernaculorum:
4104 4659 4140 4700 6

1239 4759 1361 4817 qua
1400 4738 1622 4799 mirum
1660 4737 2049 4800 liberationis
2089 4737 2211 4799 iter
2249 4737 2374 4817 ipsi
2417 4743 2838 4816 susceperunt.
2880 4736 3066 4798 Num.
3096 4735 3424 4810 XXXIII,
3467 4736 3534 4795 3:
3581 4757 3614 4794 ‹
3644 4734 3920 4807 Profecti
3947 4735 4143 4815 igitur

1241 4839 1319 4901 de
1360 4837 1667 4899 Ramesse
1700 4860 1757 4899 ».

1398 4936 1425 4972 ⁴
1452 4935 1547 4997 De
1574 4935 1691 4996 hac
1717 4934 1976 4997 civitate
2002 4934 2238 4996 Arabia
2262 4935 2435 4995 nulla
2463 4933 2695 4995 mentio
2723 4932 2798 4994 fit
2824 4933 2890 4995 in
2916 4931 3325 5012 scriptoribus
3349 4931 3620 5010 antiquis
3648 4939 3792 4994 ante
3821 4932 4138 4994 saeculum

1241 5034 1539 5112 quintum.
1581 5034 1676 5094 Ea
1731 5032 1978 5111 quidem
2020 5032 2084 5093 in
2136 5031 2287 5093 Iulii
2328 5032 2593 5093 Honorii
2636 5031 3123 5111 Gosmographia
3179 5032 3536 5093 nominatur
3592 5030 3992 5113 (Geographi
4033 5031 4145 5091 lat.

1239 5132 1386 5193 min.
1430 5131 1530 5193 ed.
1569 5130 1762 5192 Reise
1792 5149 1854 5209 p.
1881 5132 2016 5210 27):
2050 5131 2320 5192 «Arabia
2350 5129 2664 5210 oppidum,
2692 5129 2894 5190 Fossa
2923 5128 3176 5190 Traiani
3207 5129 3559 5208 oppidum.»
3594 5129 3678 5189 Ε1
3721 5129 3787 5189 in
3827 5128 4143 5190 Hieroclis

1244 5228 1648 5308 Synecidemo
1681 5228 1766 5309 (p.
1796 5229 1901 5310 48)
1932 5228 2095 5289 inter
2134 5228 2430 5290 civitates
2456 5225 2883 5307 praefecturae
2912 5227 3220 5288 secundae
3260 5227 3736 5304 Augustanicae
3776 5225 4013 5288 Arabia
4049 5245 4142 5286 re-

1241 5334 1560 5390 censetur:
1614 5326 1916 5411 «Λεοντώ,
1967 5317 2277 5416 Ἀθρίδης,
2314 5327 2547 5402 Ἠλίου,
2581 5324 2958 5409 Βούβαστος,
2994 5320 3322 5416 Φάρζιθος,
3358 5327 3650 5415 Ἀραβία,
3684 5325 3951 5413 Κλύσμα
3984 5323 4137 5388 κάσ-

1242 5451 1386 5516 τρον
1414 5452 1471 5490 ».
1517 5425 1595 5485 In
1640 5424 1870 5486 notitia
1918 5443 2160 5502 quoque
2216 5423 2704 5504 Episcopatuum
2762 5421 3042 5483 eiusdem
3095 5421 3519 5501 praefecturae
3574 5421 3808 5500 legitur
3863 5422 3947 5501 (p.
3999 5420 4141 5500 81):

1246 5524 1537 5616 Ἀραβίου
1584 5541 1697 5601 pro
1750 5522 2064 5612 Ἀραβίας.

1406 5618 1432 5655 ⁸
1459 5618 1816 5682 Mansiones
1858 5625 2150 5697 quattuor
2175 5638 2289 5697 per
2313 5616 2629 5681 heremum
2656 5618 2799 5700 plus
2827 5617 3031 5679 minus
3071 5616 3298 5697 viginti
3338 5616 3613 5679 millibus
3651 5634 3948 5700 passuum
3974 5614 4143 5678 inter
