4642 6650
1492 786 1580 830 An
1625 784 1797 833 LocA
1842 784 2096 833 sAxc‘rA
2143 785 2252 834 m.
2299 790 2503 833 εεε-εεε
3356 769 3438 832 ’ῒὸ

554 1006 956 1086 civitatem
1013 1004 1500 1101 metropolim
1555 1003 1845 1078 Tharso
1874 993 1922 1096 ¹,
1961 1003 2097 1077 ubi
2134 1002 2445 1100 quidem
2492 1002 2783 1080 Tharso
2819 1008 2900 1080 et
2935 1005 3186 1081 eundo
3224 1005 3438 1082 Ieru-

561 1132 914 1208 solimam
972 1131 1126 1206 iam
1180 1131 1505 1205 fueram.
1565 1128 1710 1206 Sed
1766 1130 2130 1226 quoniam
2187 1129 2281 1205 de
2349 1130 2637 1203 Tharso
2712 1132 2949 1205 tertia
3019 1132 3439 1222 mansione,

561 1256 640 1331 id
675 1260 795 1332 est
832 1258 913 1331 in
951 1256 1338 1349 Hisauria,
1378 1260 1497 1331 est
1531 1258 1993 1353 martyrium
2033 1258 2305 1331 santae
2339 1255 2608 1331 'I'eclae
2625 1247 2675 1347 ²,
2706 1261 3015 1353 gratum
3044 1257 3199 1331 fuit
3224 1258 3444 1348 satie,

558 1384 654 1455 ut
704 1382 945 1455 etiam
999 1381 1182 1455 illuc
1239 1380 1693 1470 accederem,
1751 1380 2151 1475 presertim
2205 1401 2380 1454 cum
2434 1383 2600 1454 tam
2654 1381 2735 1454 in
2803 1381 3148 1477 proximo
3211 1384 3440 1456 esset.

717 1507 919 1581 Nam
955 1505 1427 1603 proficiscens
1455 1505 1548 1581 de
1577 1506 1864 1580 Tharso
1892 1505 2204 1600 perveni
2231 1505 2330 1578 ad
2361 1506 2746 1601 quandam
2783 1507 3177 1582 civitatem
3207 1529 3444 1602 supra

558 1653 776 1707 mare
800 1631 1129 1723 Ciliciae,
1161 1654 1360 1728 quae
1398 1630 1831 1727 appellatur
1859 1629 2461 1726 Pompeiopolim
2488 1621 2535 1704 ³.
2561 1630 2663 1704 Et
2699 1630 2875 1705 inde
2910 1632 3066 1705 iam
3096 1632 3440 1728 ingressa

558 1757 751 1832 fines
786 1757 1214 1849 Hisauriae,
1253 1756 1500 1831 mansi
1554 1757 1637 1829 in
1681 1755 2021 1843 civitate,
2064 1778 2260 1850 quae
2297 1755 2730 1852 appellatur
2767 1748 3117 1831 Corico⁴z
3157 1778 3248 1832 ac
3282 1759 3435 1831 ter-

558 1881 674 1956 tia
727 1881 854 1957 die
905 1882 1221 1978 perveni
1273 1880 1371 1956 ad
1407 1880 1831 1971 civitatem,
1872 1901 2068 1976 quae
2104 1880 2538 1976 appellatur
2575 1879 2918 1955 Seleucia
2953 1879 3361 1955 Hisauriae
3388 1870 3440 1952 ⁵.

560 2006 710 2080 Ubi
748 2028 922 2082 cum
959 2007 1471 2103 pervenissem
1526 2006 1641 2080 fui
1677 2006 1775 2081 ad
1814 2007 2247 2102 episcopum
2283 2027 2465 2082 vere
2501 2008 2814 2080 santum
2852 2026 2946 2079 ex
2981 1996 3442 2080 monacho⁶t

562 2128 724 2205 vidi
779 2131 1018 2206 etiam
1072 2129 1182 2204 ibi
1235 2129 1631 2206 ecclesiam
1686 2130 1910 2206 valde
1963 2129 2360 2226 pulchram
2431 2129 2514 2203 in
2582 2129 2848 2205 eadem
2922 2129 3265 2204 civitate.
3341 2128 3444 2202 Et

564 2256 927 2349 quoniam
967 2254 1141 2330 inde
1178 2255 1276 2328 ad
1310 2259 1656 2330 sanctam
1696 2255 2088 2330 ecclesiam
2119 2247 2169 2345 ⁷,
2210 2253 2344 2350 qui
2379 2255 2590 2328 locus
2628 2256 2747 2329 est
2793 2253 3001 2327 ultra
3047 2253 3444 2328 civitatem

564 2380 646 2454 in
702 2380 893 2455 colle
948 2379 1077 2455 sed
1132 2381 1386 2477 plan0,
1442 2381 1785 2455 habebat
1837 2381 1930 2456 de
1986 2380 2304 2455 civitate
2359 2380 2684 2455 forsitan
2728 2379 2938 2454 mille
2985 2380 3443 2474 quingentos

728 2657 748 2694 ¹
776 2657 1194 2736 Itinerarium,
1235 2657 1398 2736 quod
1436 2657 1877 2738 burdigalense
1916 2666 2191 2736 vocatur,
2249 2666 2464 2721 secuta
2503 2660 2581 2721 ab
2622 2657 2970 2736 Antiochia,
3014 2658 3225 2721 decem
3264 2678 3448 2720 man-

565 2756 844 2819 sionibus
884 2756 1174 2837 peractis,
1217 2757 1479 2834 Tarsum
1504 2757 1890 2838 metropolim
1919 2756 2173 2820 Ciliciae
2200 2757 2567 2838 campestris
2592 2757 2896 2837 pervenit.
2927 2756 3023 2820 Cf.
3058 2757 3442 2836 Marquardt,

565 2858 896 2917 roemische
936 2855 1546 2935 Staatsverwaltunq
1583 2859 1629 2916 I
1661 2878 1721 2936 p.
1766 2857 1884 2917 389
1928 2856 2052 2937 (ed.
2094 2857 2179 2937 2).

723 2952 748 2989 ²
788 2952 1158 3032 Martyrium
1202 2960 1453 3015 sanctae
1502 2953 1728 3016 Teclae
1773 2954 2248 3035 protomartyris
2302 2955 2368 3015 in
2425 2954 2707 3017 Seleucia
2759 2954 3086 3034 metropoli
3137 2954 3439 3034 Isauriae,

561 3049 642 3111 ad
681 3049 846 3128 quod
886 3050 1208 3113 colendum
1233 3049 1591 3130 frequentes
1618 3054 2064 3115 concurrebant
2090 3051 2431 3115 christiani.
2462 3052 2734 3132 Gretser,
2764 3055 2861 3114 De
2901 3058 3103 3114 sacris
3122 3057 3443 3133 percyrin.

515 3152 520 3155 ’
563 3146 609 3210 l.
649 3148 738 3226 Π,
781 3168 833 3210 c.
875 3150 974 3210 20.
2992 3169 2997 3174 ’

725 3244 752 3282 ⁸
780 3244 883 3306 Sic
909 3245 1042 3307 cod.
1071 3245 1532 3327 Pompeiopolis
1571 3249 1774 3309 adhuc
1817 3246 2088 3327 Ciliciae,
2117 3246 2279 3327 quod
2307 3246 2533 3310 civitas
2558 3247 2699 3330 ipsa
2721 3267 2846 3309 non
2885 3247 3101 3329 procul
3141 3270 3180 3310 a
3218 3247 3447 3310 finibus
3480 3303 3484 3307 Α

568 3342 822 3406 Ciliciae
850 3351 915 3405 et
953 3344 1232 3406 Isauriae
1257 3343 1508 3407 flumine
1535 3344 1755 3406 Latmo
1785 3346 2145 3409 constitutis
2171 3347 2382 3426 posita
2408 3352 2560 3423 erat,
2590 3354 2774 3409 antea
2800 3346 2965 3410 Solis
3005 3346 3449 3428 cognominata,

563 3448 785 3520 postea
812 3462 849 3503 a
888 3441 1186 3523 Pompeio
1226 3442 1455 3521 Magno
1490 3463 1711 3505 nomen
1739 3444 1994 3524 accepit,
2026 3445 2131 3521 qui
2173 3464 2308 3506 eam
2350 3445 2483 3507 solo
2526 3452 2847 3524 aequatam
2887 3445 3168 3507 restituit
3220 3445 3450 3528 (Strab.

566 3539 608 3599 l.
635 3538 814 3616 XIV,
836 3561 894 3619 p.
926 3541 1065 3616 671,
1095 3539 1311 3620 Pomp.
1340 3540 1511 3601 Mela
1537 3540 1590 3602 1.
1623 3542 1717 3619 13,
1747 3549 1814 3603 et
1840 3541 1991 3622 alii).
2020 3542 2370 3622 Xenophon
2406 3563 2644 3621 quoque
2670 3543 2885 3604 urbem
2912 3543 3281 3604 maritimam
3309 3562 3451 3605 esse

564 3644 864 3698 memorat
887 3637 1112 3718 (Anab.
1132 3638 1186 3716 Ι,
1209 3659 1261 3699 c.
1281 3639 1416 3719 24).
1449 3639 1697 3717 Locum,
1726 3638 1912 3700 hodie
1941 3641 2202 3701 Mezetlu
2231 3641 2571 3702 vocitatum
2597 3641 2675 3702 ab
2702 3641 2940 3715 incolis,
2969 3646 3035 3703 et
3061 3640 3449 3719 antiquitatis

564 3734 851 3817 vestigia,
891 3737 1262 3815 praesertim
1299 3756 1450 3798 vero
1489 3736 1796 3817 porticum
1835 3745 2113 3799 ornatam
2161 3739 2446 3802 ducentis
2488 3739 2806 3817 columnis,
2861 3760 3119 3817 quarum
3171 3739 3329 3802 duae
3385 3748 3452 3802 et

567 3832 975 3911 quadraginta
1014 3841 1354 3912 supersunt
1380 3841 1640 3912 erectae,
1671 3835 2005 3915 descripsit
2029 3837 2333 3900 Beaufort
2374 3838 2796 3918 (Karamania
2836 3860 2898 3917 p.
2939 3840 3079 3914 261,
3122 3844 3191 3900 et
3229 3840 3448 3920 seqq.).

724 3931 750 3967 ⁴
779 3931 1054 4012 Corycus
1097 3932 1257 4015 (cod.
1300 3932 1580 4016 Coricus)
1596 3981 1611 4011 ,
1661 3933 1834 3995 iuxta
1871 3954 2041 3997 mare
2083 3935 2225 4013 sita,
2267 3936 2432 3998 inter
2473 3936 2760 3998 civitates
2802 3935 3057 3998 Ciciliae
3094 3942 3452 3997 recensetur

567 4028 755 4109 (Plin.
781 4030 865 4090 Η.
894 4030 971 4092 N.
1013 4031 1057 4092 1.
1085 4030 1163 4108 V,
1192 4051 1246 4093 c.
1273 4032 1370 4109 22,
1398 4033 1616 4111 Pomp.
1645 4032 1814 4093 Mela
1837 4031 1891 4109 I,
1920 4052 1972 4094 c.
2004 4035 2099 4109 13,
2128 4032 2214 4113 2),
2243 4032 2358 4095 sed
2397 4033 2919 4113 peregrinationis
2946 4040 3225 4114 tempore
3254 4039 3451 4095 totam

567 4126 847 4189 Ciliciam
872 4126 1210 4190 Tra-cheam
1236 4128 1339 4191 vel
1366 4130 1671 4209 Asperam
1697 4130 1939 4192 Isauria
1963 4130 2505 4209 complectebatur,
2535 4139 2601 4193 et
2623 4151 2803 4193 secus
2830 4150 2999 4193 mare
3020 4130 3453 4211 porrigebatur

568 4223 796 4304 (Amm.
837 4225 1028 4288 Marc.
1071 4226 1114 4288 l.
1156 4226 1338 4306 XIV,
1378 4229 1452 4319 8.
1490 4226 1704 4309 Steph.
1758 4228 1911 4308 Byz.
1954 4228 2036 4289 ad
2077 4249 2131 4290 a.
2179 4235 2507 4320 Τραχεῖα).
2549 4228 2814 4293 Limites
2862 4228 3146 4292 Isauriae
3199 4229 3448 4293 saeculo

566 4331 784 4401 quarto
825 4324 1074 4389 labente
1115 4326 1378 4389 antehac
1417 4325 1686 4389 incertos
1722 4347 1884 4391 nunc
1926 4327 2006 4389 ad
2033 4327 2369 4391 australem
2393 4334 2636 4408 partem
2675 4345 3048 4407 cognoscere
3087 4327 3255 4406 licet,
3298 4347 3454 4407 quos

569 4420 842 4502 Corycus
881 4424 1364 4502 promontorium
1405 4432 1470 4486 et
1509 4423 1732 4487 civitas
1774 4424 1992 4488 eodem
2032 4425 2333 4489 distincta
2371 4426 2616 4505 nomine
2657 4425 3049 4489 definiebant.

727 4518 753 4556 ⁵
782 4520 1064 4583 Seleucia
1083 4522 1165 4587 ad
1193 4521 1609 4602 Calycadnum
1633 4542 1796 4586 saec.
1816 4524 1912 4586 IV
1930 4524 2211 4587 Isauriae
2233 4524 2549 4586 adtributa
2569 4532 2721 4586 erat.
2743 4526 2945 4586 Amm.
2966 4523 3156 4588 Marc.
3180 4525 3362 4600 XIV,
3383 4527 3452 4586 8:

573 4640 606 4677 ‹
619 4613 805 4706 ‘Hanc
845 4618 1097 4698 quidem
1124 4620 1477 4702 (Isauriam)
1507 4629 1756 4701 praeter
1780 4622 2008 4702 oppida
2038 4623 2232 4685 multa
2270 4623 2430 4685 duae
2456 4623 2747 4685 civitates
2789 4630 3105 4701 exornant,
3148 4623 3448 4701 Seleucia,

567 4736 723 4794 opus
749 4716 991 4778 Seleuci
1030 4718 1222 4797 regis,
1266 4725 1332 4781 et
1359 4719 1781 4801 Claudiopolis
1801 4745 1858 4782 ›.
1887 4721 2271 4802 Epiphanius
2299 4725 2492 4784 Haer.
2520 4723 2833 4802 LXXIII,
2870 4725 2977 4784 23:
3009 4723 3128 4785 ‹In
3152 4722 3452 4800 Seleucia,

568 4834 721 4891 quae
764 4814 1044 4877 Trachea
1082 4808 1363 4895 vocatur,
1405 4818 1471 4880 in
1510 4818 1755 4881 Isauria
1783 4842 1837 4880 ›.
1894 4819 2345 4900 Theodoretus,
2392 4822 2477 4883 Η.
2526 4822 2599 4884 Ε.
2650 4822 2738 4899 Π,
2788 4842 2840 4884 c.
2889 4823 2988 4885 26.
3034 4845 3067 4882 ‹
3088 4823 3257 4885 Urbs
3296 4821 3451 4902 haec

565 4911 847 4974 Isauriae
889 4913 970 4976 ad
1008 4934 1177 4978 mare
1205 4916 1482 4995 posita».
1512 4917 1719 4979 Etiam
1748 4918 2135 4996 Sozomenus,
2170 4920 2285 4996 IV,
2314 4940 2367 4981 c.
2400 4921 2493 4981 16.
2522 4920 2701 4982 Nunc
2726 4920 2791 4982 in
2817 4921 2971 4998 loco,
3007 4921 3113 4999 qui
3142 4920 3451 5001 Seleflcich

566 5011 930 5090 appellatur,
975 5020 1187 5074 extant
1228 5014 1495 5092 plurima
1534 5016 1786 5093 antiqua
1823 5016 2064 5094 rudera,
2107 5016 2542 5079 documentum
2574 5002 2884 5097 'pristinae
2923 5019 3288 5081 nobilitatis.

724 5111 750 5147 ⁶
778 5109 1096 5174 Seleuciae
1126 5112 1473 5193 episcopus,
1503 5114 1607 5192 qui
1648 5114 1832 5176 huius
1874 5115 2392 5194 peregrinationis
2434 5123 2713 5195 tempore
2750 5116 2927 5192 vixit,
2964 5114 3163 5178 fuisse
3202 5116 3451 5179 videtur

567 5206 893 5284 Maximus,
923 5208 1028 5286 qui
1055 5208 1237 5270 Samo
1265 5215 1401 5271 viro
1428 5214 1637 5271 divino
1665 5212 1982 5273 successit.
2010 5212 2080 5272 Is
2108 5210 2233 5273 fuit
2261 5213 2324 5273 S.
2351 5212 2603 5275 Ioannis
2633 5213 3060 5292 Chrysostomi
3101 5215 3450 5294 discipulus

567 5312 633 5365 et
653 5306 1030 5367 monasticae
1059 5307 1228 5368 vitae
1258 5310 1482 5387 socius,
1504 5316 1576 5369 ut
1602 5308 1796 5371 refert
1823 5308 2107 5371 Socrates
2133 5310 2303 5372 Hist.
2334 5311 2375 5371 l.
2405 5311 2517 5387 VI,
2541 5331 2592 5371 c.
2614 5314 2671 5371 2.
2698 5312 3087 5392 Sozomenus,
3107 5313 3292 5391 Vm,
3314 5334 3368 5375 o.
3390 5315 3449 5376 3.

449 5410 454 5414 ’
572 5400 666 5464 Cf.
711 5401 803 5464 Le
846 5403 1065 5476 Queen
1107 5404 1211 5465 Or.
1257 5405 1488 5468 Christ.
1530 5407 1619 5482 H,
1662 5428 1722 5487 p.
1768 5409 1944 5469 1013.

726 5498 752 5534 ⁷
780 5500 1063 5562 Ecclesia
1102 5509 1353 5564 sanctae
1393 5502 1619 5566 'I'eclae
1647 5503 1870 5583 dicata,
1897 5504 2004 5566 ubi
2032 5504 2166 5567 eius
2192 5526 2415 5586 corpus
2441 5506 2818 5585 quiescebat,
2848 5507 2914 5570 in
2954 5515 3162 5571 monte
3202 5507 3450 5571 civitati

570 5595 846 5677 proximo
890 5598 1246 5662 adeuntium
1284 5599 1636 5680 frequentia
1676 5601 1942 5668 celebris
1969 5608 2123 5666 erat.
2150 5603 2428 5669 Basilius
2455 5604 2521 5667 in
2547 5604 2679 5669 vita
2705 5606 2767 5669 S.
2798 5605 3025 5670 Teclae
3047 5607 3116 5687 (1.
3142 5606 3180 5669 1
3203 5606 3272 5668 in
3297 5604 3446 5686 fine)

3124 5738 3196 5796 10
