<?xml version="1.0" encoding="UTF-8"?>
<!DOCTYPE html PUBLIC "-//W3C//DTD XHTML 1.0 Transitional//EN"
    "http://www.w3.org/TR/xhtml1/DTD/xhtml1-transitional.dtd">
<html xmlns="http://www.w3.org/1999/xhtml" xml:lang="en" lang="en">
 <head>
  <title>
</title>
<meta http-equiv="Content-Type" content="text/html;charset=utf-8" />
  <meta name='ocr-system' content='tesseract 3.04.00' />
  <meta name='ocr-capabilities' content='ocr_page ocr_carea ocr_par ocr_line ocrx_word'/>
</head>
<body>
  <div class='ocr_page' id='page_1' title='image "./shilariitractat01petrgoog_0155.png"; bbox 0 0 4642 6650; ppageno 0'>
   <div class='ocr_carea' id='block_1_1' title="bbox 1484 725 3423 796">
    <p class='ocr_par' dir='ltr' id='par_1_1' title="bbox 1484 725 3423 796">
     <span class='ocr_line' id='line_1_1' title="bbox 1484 725 3423 796; baseline -0.001 -1"><span class='ocrx_word' id='word_1_1' title='bbox 1484 750 1573 795; x_wconf 73' lang='lat' dir='ltr'>An</span> <span class='ocrx_word' id='word_1_2' title='bbox 1619 748 1793 796; x_wconf 61' lang='lat' dir='ltr'>Loca</span> <span class='ocrx_word' id='word_1_3' title='bbox 1836 745 2092 794; x_wconf 61' lang='lat' dir='ltr'>smera</span> <span class='ocrx_word' id='word_1_4' title='bbox 2135 746 2247 792; x_wconf 69' lang='lat' dir='ltr'>An.</span> <span class='ocrx_word' id='word_1_5' title='bbox 2292 749 2491 793; x_wconf 67' lang='lat' dir='ltr'>ssu-sss</span> <span class='ocrx_word' id='word_1_6' title='bbox 3297 725 3423 793; x_wconf 84' lang='lat'>109</span> 
     </span>
    </p>
   </div>
   <div class='ocr_carea' id='block_1_2' title="bbox 554 950 3437 2923">
    <p class='ocr_par' dir='ltr' id='par_1_2' title="bbox 554 950 3429 1436">
     <span class='ocr_line' id='line_1_2' title="bbox 554 950 3426 1063; baseline -0.002 -21"><span class='ocrx_word' id='word_1_7' title='bbox 554 971 848 1044; x_wconf 89' lang='lat' dir='ltr'>rentur.</span> <span class='ocrx_word' id='word_1_8' title='bbox 903 966 1006 1041; x_wconf 85' lang='lat' dir='ltr'>Et</span> <span class='ocrx_word' id='word_1_9' title='bbox 1060 968 1203 1043; x_wconf 89' lang='lat' dir='ltr'>hoc</span> <span class='ocrx_word' id='word_1_10' title='bbox 1256 988 1390 1063; x_wconf 86' lang='lat' dir='ltr'>per</span> <span class='ocrx_word' id='word_1_11' title='bbox 1443 950 1859 1061; x_wconf 79' lang='lat' dir='ltr'>scripturas</span> <span class='ocrx_word' id='word_1_12' title='bbox 1911 966 2328 1055; x_wconf 86' lang='lat' dir='ltr'>invenitur,</span> <span class='ocrx_word' id='word_1_13' title='bbox 2393 964 2599 1062; x_wconf 90' lang='lat' dir='ltr'>quod</span> <span class='ocrx_word' id='word_1_14' title='bbox 2651 985 2744 1039; x_wconf 88' lang='lat' dir='ltr'>ea</span> <span class='ocrx_word' id='word_1_15' title='bbox 2797 963 2957 1038; x_wconf 85' lang='lat' dir='ltr'>dies</span> <span class='ocrx_word' id='word_1_16' title='bbox 3031 965 3137 1037; x_wconf 88' lang='lat' dir='ltr'>sit</span> <span class='ocrx_word' id='word_1_17' title='bbox 3210 982 3426 1037; x_wconf 86' lang='lat' dir='ltr'>ence-</span> 
     </span>
     <span class='ocr_line' id='line_1_3' title="bbox 555 1087 3423 1186; baseline -0.002 -20"><span class='ocrx_word' id='word_1_18' title='bbox 555 1092 886 1183; x_wconf 90' lang='lat' dir='ltr'>niarum,</span> <span class='ocrx_word' id='word_1_19' title='bbox 943 1113 1098 1186; x_wconf 90' lang='lat' dir='ltr'>qua</span> <span class='ocrx_word' id='word_1_20' title='bbox 1151 1094 1234 1166; x_wconf 90' lang='lat' dir='ltr'>et</span> <span class='ocrx_word' id='word_1_21' title='bbox 1285 1094 1594 1166; x_wconf 86' lang='lat' dir='ltr'>sanctus</span> <span class='ocrx_word' id='word_1_22' title='bbox 1650 1089 2031 1181; x_wconf 84' lang='lat' dir='ltr'><strong>Salomon,</strong></span> <span class='ocrx_word' id='word_1_23' title='bbox 2090 1091 2619 1165; x_wconf 86' lang='lat' dir='ltr'>consummata</span> <span class='ocrx_word' id='word_1_24' title='bbox 2670 1087 2894 1162; x_wconf 89' lang='lat' dir='ltr'>domo</span> <span class='ocrx_word' id='word_1_25' title='bbox 2959 1087 3124 1179; x_wconf 92' lang='lat' dir='ltr'>Dei,</span> <span class='ocrx_word' id='word_1_26' title='bbox 3190 1108 3423 1182; x_wconf 90' lang='lat' dir='ltr'>quam</span> 
     </span>
     <span class='ocr_line' id='line_1_4' title="bbox 560 1212 3429 1309; baseline -0.003 -16"><span class='ocrx_word' id='word_1_27' title='bbox 560 1215 1074 1307; x_wconf 82' lang='lat' dir='ltr'>edificaverat,</span> <span class='ocrx_word' id='word_1_28' title='bbox 1111 1217 1418 1292; x_wconf 87' lang='lat' dir='ltr'>steterit</span> <span class='ocrx_word' id='word_1_29' title='bbox 1470 1217 1653 1291; x_wconf 88' lang='lat' dir='ltr'>ante</span> <span class='ocrx_word' id='word_1_30' title='bbox 1707 1214 2074 1289; x_wconf 88' lang='lat' dir='ltr'>altarium</span> <span class='ocrx_word' id='word_1_31' title='bbox 2108 1215 2254 1290; x_wconf 89' lang='lat' dir='ltr'>Dei</span> <span class='ocrx_word' id='word_1_32' title='bbox 2290 1217 2375 1289; x_wconf 92' lang='lat' dir='ltr'>et</span> <span class='ocrx_word' id='word_1_33' title='bbox 2411 1213 2772 1303; x_wconf 84' lang='lat' dir='ltr'>oraverit,</span> <span class='ocrx_word' id='word_1_34' title='bbox 2811 1212 3012 1288; x_wconf 88' lang='lat' dir='ltr'>sicut</span> <span class='ocrx_word' id='word_1_35' title='bbox 3060 1212 3429 1309; x_wconf 89' lang='lat' dir='ltr'>scriptum</span> 
     </span>
     <span class='ocr_line' id='line_1_5' title="bbox 562 1331 1837 1436; baseline -0.004 -17"><span class='ocrx_word' id='word_1_36' title='bbox 562 1345 680 1419; x_wconf 77' lang='lat' dir='ltr'>est</span> <span class='ocrx_word' id='word_1_37' title='bbox 731 1342 814 1415; x_wconf 93' lang='lat' dir='ltr'>in</span> <span class='ocrx_word' id='word_1_38' title='bbox 865 1341 1082 1415; x_wconf 89' lang='lat' dir='ltr'>libris</span> <span class='ocrx_word' id='word_1_39' title='bbox 1136 1340 1760 1436; x_wconf 80' lang='lat' dir='ltr'>paralipomenon</span> <span class='ocrx_word' id='word_1_40' title='bbox 1789 1331 1837 1414; x_wconf 84' lang='lat'>¹.</span> 
     </span>
    </p>

    <p class='ocr_par' dir='ltr' id='par_1_3' title="bbox 561 1462 3437 2923">
     <span class='ocr_line' id='line_1_6' title="bbox 715 1462 3429 1561; baseline -0.001 -23"><span class='ocrx_word' id='word_1_41' title='bbox 715 1464 820 1538; x_wconf 90' lang='lat' dir='ltr'>Hi</span> <span class='ocrx_word' id='word_1_42' title='bbox 873 1487 1054 1561; x_wconf 89' lang='lat' dir='ltr'>ergo</span> <span class='ocrx_word' id='word_1_43' title='bbox 1110 1466 1270 1540; x_wconf 91' lang='lat' dir='ltr'>dies</span> <span class='ocrx_word' id='word_1_44' title='bbox 1324 1464 1811 1540; x_wconf 90' lang='lat' dir='ltr'>enceniarum</span> <span class='ocrx_word' id='word_1_45' title='bbox 1848 1485 2020 1539; x_wconf 92' lang='lat' dir='ltr'>cum</span> <span class='ocrx_word' id='word_1_46' title='bbox 2057 1464 2438 1555; x_wconf 85' lang='lat' dir='ltr'>venerint,</span> <span class='ocrx_word' id='word_1_47' title='bbox 2479 1466 2651 1539; x_wconf 90' lang='lat' dir='ltr'>octo</span> <span class='ocrx_word' id='word_1_48' title='bbox 2690 1462 2955 1538; x_wconf 91' lang='lat' dir='ltr'>diebus</span> <span class='ocrx_word' id='word_1_49' title='bbox 3010 1462 3429 1536; x_wconf 88' lang='lat' dir='ltr'>attendun-</span> 
     </span>
     <span class='ocr_line' id='line_1_7' title="bbox 561 1581 3432 1691; baseline -0.001 -27"><span class='ocrx_word' id='word_1_50' title='bbox 561 1593 694 1665; x_wconf 89' lang='lat' dir='ltr'>tur</span> <span class='ocrx_word' id='word_1_51' title='bbox 720 1581 793 1665; x_wconf 82' lang='lat'>²:</span> <span class='ocrx_word' id='word_1_52' title='bbox 849 1615 1029 1665; x_wconf 92' lang='lat' dir='ltr'>nam</span> <span class='ocrx_word' id='word_1_53' title='bbox 1086 1593 1268 1665; x_wconf 90' lang='lat' dir='ltr'>ante</span> <span class='ocrx_word' id='word_1_54' title='bbox 1303 1590 1670 1691; x_wconf 87' lang='lat' dir='ltr'>plurimos</span> <span class='ocrx_word' id='word_1_55' title='bbox 1709 1589 1867 1665; x_wconf 88' lang='lat' dir='ltr'>dies</span> <span class='ocrx_word' id='word_1_56' title='bbox 1906 1588 2284 1684; x_wconf 90' lang='lat' dir='ltr'>incipiunt</span> <span class='ocrx_word' id='word_1_57' title='bbox 2338 1609 2420 1664; x_wconf 87' lang='lat' dir='ltr'>se</span> <span class='ocrx_word' id='word_1_58' title='bbox 2472 1587 2810 1684; x_wconf 90' lang='lat' dir='ltr'>undique</span> <span class='ocrx_word' id='word_1_59' title='bbox 2864 1587 3259 1683; x_wconf 79' lang='lat' dir='ltr'>colligere:</span> <span class='ocrx_word' id='word_1_60' title='bbox 3298 1587 3432 1661; x_wconf 91' lang='lat' dir='ltr'>ubi</span> 
     </span>
     <span class='ocr_line' id='line_1_8' title="bbox 561 1712 3431 1808; baseline -0.002 -17"><span class='ocrx_word' id='word_1_61' title='bbox 561 1738 716 1792; x_wconf 94' lang='lat' dir='ltr'>non</span> <span class='ocrx_word' id='word_1_62' title='bbox 768 1716 1017 1790; x_wconf 90' lang='lat' dir='ltr'>solum</span> <span class='ocrx_word' id='word_1_63' title='bbox 1070 1715 1617 1790; x_wconf 87' lang='lat' dir='ltr'>monachorum</span> <span class='ocrx_word' id='word_1_64' title='bbox 1671 1714 1796 1791; x_wconf 86' lang='lat' dir='ltr'>vel</span> <span class='ocrx_word' id='word_1_65' title='bbox 1849 1714 2423 1807; x_wconf 77' lang='lat' dir='ltr'>apzctactitorum</span> <span class='ocrx_word' id='word_1_66' title='bbox 2476 1713 2570 1788; x_wconf 91' lang='lat' dir='ltr'>de</span> <span class='ocrx_word' id='word_1_67' title='bbox 2625 1712 2941 1787; x_wconf 89' lang='lat' dir='ltr'>diversis</span> <span class='ocrx_word' id='word_1_68' title='bbox 2994 1712 3431 1808; x_wconf 85' lang='lat' dir='ltr'>provinciis,</span> 
     </span>
     <span class='ocr_line' id='line_1_9' title="bbox 562 1836 3430 1934; baseline -0.001 -19"><span class='ocrx_word' id='word_1_69' title='bbox 562 1842 642 1915; x_wconf 91' lang='lat' dir='ltr'>id</span> <span class='ocrx_word' id='word_1_70' title='bbox 692 1844 811 1915; x_wconf 90' lang='lat' dir='ltr'>est</span> <span class='ocrx_word' id='word_1_71' title='bbox 844 1843 1012 1915; x_wconf 90' lang='lat' dir='ltr'>tam</span> <span class='ocrx_word' id='word_1_72' title='bbox 1068 1839 1161 1915; x_wconf 94' lang='lat' dir='ltr'>de</span> <span class='ocrx_word' id='word_1_73' title='bbox 1214 1839 1788 1934; x_wconf 70' lang='lat' dir='ltr'>Mesopotamia,</span> <span class='ocrx_word' id='word_1_74' title='bbox 1845 1838 1970 1914; x_wconf 81' lang='lat' dir='ltr'>vel</span> <span class='ocrx_word' id='word_1_75' title='bbox 2026 1836 2269 1934; x_wconf 82' lang='lat' dir='ltr'>Syria,</span> <span class='ocrx_word' id='word_1_76' title='bbox 2327 1837 2453 1913; x_wconf 89' lang='lat' dir='ltr'>vel</span> <span class='ocrx_word' id='word_1_77' title='bbox 2507 1837 2600 1912; x_wconf 93' lang='lat' dir='ltr'>de</span> <span class='ocrx_word' id='word_1_78' title='bbox 2654 1836 2982 1932; x_wconf 78' lang='lat' dir='ltr'>Egypto,</span> <span class='ocrx_word' id='word_1_79' title='bbox 3040 1838 3182 1910; x_wconf 88' lang='lat' dir='ltr'>aut</span> <span class='ocrx_word' id='word_1_80' title='bbox 3235 1836 3430 1912; x_wconf 87' lang='lat' dir='ltr'>The·</span> 
     </span>
     <span class='ocr_line' id='line_1_10' title="bbox 564 1958 3435 2060; baseline -0.001 -22"><span class='ocrx_word' id='word_1_81' title='bbox 564 1964 814 2055; x_wconf 89' lang='lat' dir='ltr'>baida,</span> <span class='ocrx_word' id='word_1_82' title='bbox 867 1964 1004 2038; x_wconf 92' lang='lat' dir='ltr'>ubi</span> <span class='ocrx_word' id='word_1_83' title='bbox 1056 1963 1369 2060; x_wconf 84' lang='lat' dir='ltr'>plurimi</span> <span class='ocrx_word' id='word_1_84' title='bbox 1422 1965 1917 2037; x_wconf 87' lang='lat' dir='ltr'>monazontes</span> <span class='ocrx_word' id='word_1_85' title='bbox 1975 1965 2180 2053; x_wconf 90' lang='lat' dir='ltr'>sunt,</span> <span class='ocrx_word' id='word_1_86' title='bbox 2238 1961 2370 2036; x_wconf 90' lang='lat' dir='ltr'>sed</span> <span class='ocrx_word' id='word_1_87' title='bbox 2424 1963 2506 2036; x_wconf 90' lang='lat' dir='ltr'>et</span> <span class='ocrx_word' id='word_1_88' title='bbox 2559 1960 2654 2036; x_wconf 92' lang='lat' dir='ltr'>de</span> <span class='ocrx_word' id='word_1_89' title='bbox 2707 1958 3024 2036; x_wconf 85' lang='lat' dir='ltr'>diversis</span> <span class='ocrx_word' id='word_1_90' title='bbox 3080 1959 3435 2034; x_wconf 90' lang='lat' dir='ltr'>omnibus</span> 
     </span>
     <span class='ocr_line' id='line_1_11' title="bbox 564 2083 3433 2184; baseline -0.001 -22"><span class='ocrx_word' id='word_1_91' title='bbox 564 2089 746 2164; x_wconf 89' lang='lat' dir='ltr'>locis</span> <span class='ocrx_word' id='word_1_92' title='bbox 782 2087 906 2163; x_wconf 89' lang='lat' dir='ltr'>vel</span> <span class='ocrx_word' id='word_1_93' title='bbox 959 2087 1411 2184; x_wconf 85' lang='lat' dir='ltr'>provinciis;</span> <span class='ocrx_word' id='word_1_94' title='bbox 1466 2087 1727 2161; x_wconf 88' lang='lat' dir='ltr'>nullus</span> <span class='ocrx_word' id='word_1_95' title='bbox 1766 2088 1885 2162; x_wconf 90' lang='lat' dir='ltr'>est</span> <span class='ocrx_word' id='word_1_96' title='bbox 1919 2085 2148 2177; x_wconf 91' lang='lat' dir='ltr'>enim,</span> <span class='ocrx_word' id='word_1_97' title='bbox 2189 2087 2321 2181; x_wconf 89' lang='lat' dir='ltr'>qui</span> <span class='ocrx_word' id='word_1_98' title='bbox 2358 2107 2513 2159; x_wconf 92' lang='lat' dir='ltr'>non</span> <span class='ocrx_word' id='word_1_99' title='bbox 2568 2107 2648 2160; x_wconf 89' lang='lat' dir='ltr'>se</span> <span class='ocrx_word' id='word_1_100' title='bbox 2701 2085 2966 2160; x_wconf 91' lang='lat' dir='ltr'>eadem</span> <span class='ocrx_word' id='word_1_101' title='bbox 3024 2083 3146 2159; x_wconf 92' lang='lat' dir='ltr'>die</span> <span class='ocrx_word' id='word_1_102' title='bbox 3181 2084 3263 2157; x_wconf 92' lang='lat' dir='ltr'>in</span> <span class='ocrx_word' id='word_1_103' title='bbox 3316 2084 3433 2159; x_wconf 91' lang='lat' dir='ltr'>Ie·</span> 
     </span>
     <span class='ocr_line' id='line_1_12' title="bbox 563 2208 3435 2287; baseline -0.001 0"><span class='ocrx_word' id='word_1_104' title='bbox 563 2213 931 2287; x_wconf 91' lang='lat' dir='ltr'>rusolima</span> <span class='ocrx_word' id='word_1_105' title='bbox 983 2211 1257 2286; x_wconf 89' lang='lat' dir='ltr'>tendat</span> <span class='ocrx_word' id='word_1_106' title='bbox 1293 2212 1391 2285; x_wconf 93' lang='lat' dir='ltr'>ad</span> <span class='ocrx_word' id='word_1_107' title='bbox 1429 2214 1732 2286; x_wconf 87' lang='lat' dir='ltr'>tantam</span> <span class='ocrx_word' id='word_1_108' title='bbox 1785 2210 2171 2286; x_wconf 71' lang='lat' dir='ltr'>laetitiam</span> <span class='ocrx_word' id='word_1_109' title='bbox 2208 2212 2290 2284; x_wconf 89' lang='lat' dir='ltr'>et</span> <span class='ocrx_word' id='word_1_110' title='bbox 2326 2212 2492 2283; x_wconf 89' lang='lat' dir='ltr'>tam</span> <span class='ocrx_word' id='word_1_111' title='bbox 2545 2209 3032 2285; x_wconf 81' lang='lat' dir='ltr'>honorabiles</span> <span class='ocrx_word' id='word_1_112' title='bbox 3080 2208 3282 2284; x_wconf 86' lang='lat' dir='ltr'>dies:</span> <span class='ocrx_word' id='word_1_113' title='bbox 3321 2229 3435 2283; x_wconf 91' lang='lat' dir='ltr'>se-</span> 
     </span>
     <span class='ocr_line' id='line_1_13' title="bbox 566 2330 3436 2430; baseline -0.002 -20"><span class='ocrx_word' id='word_1_114' title='bbox 566 2336 857 2410; x_wconf 88' lang='lat' dir='ltr'>culares</span> <span class='ocrx_word' id='word_1_115' title='bbox 912 2338 1176 2410; x_wconf 89' lang='lat' dir='ltr'>autem</span> <span class='ocrx_word' id='word_1_116' title='bbox 1228 2336 1396 2408; x_wconf 90' lang='lat' dir='ltr'>tam</span> <span class='ocrx_word' id='word_1_117' title='bbox 1449 2334 1602 2408; x_wconf 90' lang='lat' dir='ltr'>viri</span> <span class='ocrx_word' id='word_1_118' title='bbox 1656 2356 1888 2430; x_wconf 90' lang='lat' dir='ltr'>quam</span> <span class='ocrx_word' id='word_1_119' title='bbox 1942 2332 2273 2407; x_wconf 89' lang='lat' dir='ltr'>feminae</span> <span class='ocrx_word' id='word_1_120' title='bbox 2311 2331 2521 2406; x_wconf 91' lang='lat' dir='ltr'>fideli</span> <span class='ocrx_word' id='word_1_121' title='bbox 2558 2333 2813 2405; x_wconf 91' lang='lat' dir='ltr'>animo</span> <span class='ocrx_word' id='word_1_122' title='bbox 2867 2333 3182 2427; x_wconf 89' lang='lat' dir='ltr'>propter</span> <span class='ocrx_word' id='word_1_123' title='bbox 3236 2330 3436 2405; x_wconf 92' lang='lat' dir='ltr'>diem</span> 
     </span>
     <span class='ocr_line' id='line_1_14' title="bbox 566 2454 3436 2553; baseline -0.002 -20"><span class='ocrx_word' id='word_1_124' title='bbox 566 2462 915 2535; x_wconf 87' lang='lat' dir='ltr'>sanctum</span> <span class='ocrx_word' id='word_1_125' title='bbox 968 2459 1346 2549; x_wconf 91' lang='lat' dir='ltr'>similiter,</span> <span class='ocrx_word' id='word_1_126' title='bbox 1386 2458 1517 2532; x_wconf 91' lang='lat' dir='ltr'>sed</span> <span class='ocrx_word' id='word_1_127' title='bbox 1555 2460 1636 2532; x_wconf 88' lang='lat' dir='ltr'>et</span> <span class='ocrx_word' id='word_1_128' title='bbox 1672 2460 1757 2531; x_wconf 79' lang='lat' dir='ltr'>de</span> <span class='ocrx_word' id='word_1_129' title='bbox 1797 2458 2148 2530; x_wconf 88' lang='lat' dir='ltr'>omnibus</span> <span class='ocrx_word' id='word_1_130' title='bbox 2188 2455 2596 2553; x_wconf 85' lang='lat' dir='ltr'>provinciis</span> <span class='ocrx_word' id='word_1_131' title='bbox 2632 2456 2874 2531; x_wconf 91' lang='lat' dir='ltr'>isdem</span> <span class='ocrx_word' id='word_1_132' title='bbox 2913 2454 3175 2530; x_wconf 87' lang='lat' dir='ltr'>diebus</span> <span class='ocrx_word' id='word_1_133' title='bbox 3225 2454 3436 2528; x_wconf 91' lang='lat' dir='ltr'>Ieru-</span> 
     </span>
     <span class='ocr_line' id='line_1_15' title="bbox 568 2577 3435 2678; baseline -0.003 -20"><span class='ocrx_word' id='word_1_134' title='bbox 568 2585 836 2658; x_wconf 93' lang='lat' dir='ltr'>solima</span> <span class='ocrx_word' id='word_1_135' title='bbox 886 2606 959 2657; x_wconf 82' lang='lat' dir='ltr'>se</span> <span class='ocrx_word' id='word_1_136' title='bbox 1010 2583 1406 2678; x_wconf 88' lang='lat' dir='ltr'>colligunt.</span> <span class='ocrx_word' id='word_1_137' title='bbox 1463 2580 1812 2677; x_wconf 79' lang='lat' dir='ltr'>Episcopi</span> <span class='ocrx_word' id='word_1_138' title='bbox 1852 2582 2139 2671; x_wconf 86' lang='lat' dir='ltr'>autem,</span> <span class='ocrx_word' id='word_1_139' title='bbox 2179 2579 2485 2675; x_wconf 88' lang='lat' dir='ltr'>quando</span> <span class='ocrx_word' id='word_1_140' title='bbox 2521 2580 2740 2676; x_wconf 88' lang='lat' dir='ltr'>parvi</span> <span class='ocrx_word' id='word_1_141' title='bbox 2777 2579 3092 2670; x_wconf 87' lang='lat' dir='ltr'>fuerint,</span> <span class='ocrx_word' id='word_1_142' title='bbox 3142 2577 3435 2652; x_wconf 84' lang='lat' dir='ltr'>hisdem</span> 
     </span>
     <span class='ocr_line' id='line_1_16' title="bbox 570 2691 3437 2799; baseline -0.002 -19"><span class='ocrx_word' id='word_1_143' title='bbox 570 2706 832 2781; x_wconf 89' lang='lat' dir='ltr'>diebus</span> <span class='ocrx_word' id='word_1_144' title='bbox 866 2705 1317 2779; x_wconf 90' lang='lat' dir='ltr'>Ierusolima</span> <span class='ocrx_word' id='word_1_145' title='bbox 1340 2704 1511 2799; x_wconf 90' lang='lat' dir='ltr'>plus</span> <span class='ocrx_word' id='word_1_146' title='bbox 1540 2703 2052 2799; x_wconf 88' lang='lat' dir='ltr'>quadraginta</span> <span class='ocrx_word' id='word_1_147' title='bbox 2088 2705 2229 2776; x_wconf 89' lang='lat' dir='ltr'>aut</span> <span class='ocrx_word' id='word_1_148' title='bbox 2256 2701 2819 2799; x_wconf 85' lang='lat' dir='ltr'>quinquaginta</span> <span class='ocrx_word' id='word_1_149' title='bbox 2847 2691 3109 2790; x_wconf 80' lang='lat' dir='ltr'>sunt³3</span> <span class='ocrx_word' id='word_1_150' title='bbox 3150 2704 3231 2776; x_wconf 91' lang='lat' dir='ltr'>et</span> <span class='ocrx_word' id='word_1_151' title='bbox 3261 2721 3437 2774; x_wconf 92' lang='lat' dir='ltr'>cum</span> 
     </span>
     <span class='ocr_line' id='line_1_17' title="bbox 568 2825 3435 2923; baseline -0.002 -20"><span class='ocrx_word' id='word_1_152' title='bbox 568 2829 720 2904; x_wconf 90' lang='lat' dir='ltr'>illis</span> <span class='ocrx_word' id='word_1_153' title='bbox 756 2831 1080 2905; x_wconf 85' lang='lat' dir='ltr'>veniunt</span> <span class='ocrx_word' id='word_1_154' title='bbox 1116 2828 1345 2902; x_wconf 89' lang='lat' dir='ltr'>multi</span> <span class='ocrx_word' id='word_1_155' title='bbox 1382 2827 1632 2902; x_wconf 91' lang='lat' dir='ltr'>clerici</span> <span class='ocrx_word' id='word_1_156' title='bbox 1678 2827 1821 2901; x_wconf 88' lang='lat' dir='ltr'>sui.</span> <span class='ocrx_word' id='word_1_157' title='bbox 1877 2827 1980 2901; x_wconf 89' lang='lat' dir='ltr'>Et</span> <span class='ocrx_word' id='word_1_158' title='bbox 2033 2826 2217 2922; x_wconf 91' lang='lat' dir='ltr'>quid</span> <span class='ocrx_word' id='word_1_159' title='bbox 2269 2826 2542 2923; x_wconf 70' lang='lat' dir='ltr'>plura‘l</span> <span class='ocrx_word' id='word_1_160' title='bbox 2599 2828 2827 2922; x_wconf 87' lang='lat' dir='ltr'>putat</span> <span class='ocrx_word' id='word_1_161' title='bbox 2879 2847 2960 2901; x_wconf 88' lang='lat' dir='ltr'>se</span> <span class='ocrx_word' id='word_1_162' title='bbox 3014 2825 3435 2899; x_wconf 81' lang='lat' dir='ltr'>maximum</span> 
     </span>
    </p>
   </div>
   <div class='ocr_carea' id='block_1_3' title="bbox 543 2950 3444 3672">
    <p class='ocr_par' dir='ltr' id='par_1_4' title="bbox 543 2950 3444 3672">
     <span class='ocr_line' id='line_1_18' title="bbox 569 2950 3437 3051; baseline -0.002 -21"><span class='ocrx_word' id='word_1_163' title='bbox 569 2957 966 3051; x_wconf 86' lang='lat' dir='ltr'>peccatum</span> <span class='ocrx_word' id='word_1_164' title='bbox 1019 2953 1444 3044; x_wconf 83' lang='lat' dir='ltr'>incurrisse,</span> <span class='ocrx_word' id='word_1_165' title='bbox 1502 2953 1636 3048; x_wconf 89' lang='lat' dir='ltr'>qui</span> <span class='ocrx_word' id='word_1_166' title='bbox 1690 2951 1984 3028; x_wconf 89' lang='lat' dir='ltr'>hisdem</span> <span class='ocrx_word' id='word_1_167' title='bbox 2041 2951 2307 3027; x_wconf 89' lang='lat' dir='ltr'>diebus</span> <span class='ocrx_word' id='word_1_168' title='bbox 2363 2954 2633 3026; x_wconf 88' lang='lat' dir='ltr'>tantae</span> <span class='ocrx_word' id='word_1_169' title='bbox 2688 2950 3193 3025; x_wconf 88' lang='lat' dir='ltr'>sollemnitati</span> <span class='ocrx_word' id='word_1_170' title='bbox 3228 2950 3437 3024; x_wconf 90' lang='lat' dir='ltr'>inter</span> 
     </span>
     <span class='ocr_line' id='line_1_19' title="bbox 570 3075 3440 3171; baseline -0.002 -17"><span class='ocrx_word' id='word_1_171' title='bbox 570 3102 724 3154; x_wconf 91' lang='lat' dir='ltr'>non</span> <span class='ocrx_word' id='word_1_172' title='bbox 776 3079 1046 3167; x_wconf 80' lang='lat' dir='ltr'>fuerit;</span> <span class='ocrx_word' id='word_1_173' title='bbox 1105 3078 1169 3153; x_wconf 91' lang='lat' dir='ltr'>si</span> <span class='ocrx_word' id='word_1_174' title='bbox 1222 3081 1484 3154; x_wconf 88' lang='lat' dir='ltr'>tamen</span> <span class='ocrx_word' id='word_1_175' title='bbox 1539 3078 1757 3152; x_wconf 90' lang='lat' dir='ltr'>nulla</span> <span class='ocrx_word' id='word_1_176' title='bbox 1808 3077 2220 3153; x_wconf 86' lang='lat' dir='ltr'>necessitas</span> <span class='ocrx_word' id='word_1_177' title='bbox 2277 3077 2662 3152; x_wconf 89' lang='lat' dir='ltr'>contraria</span> <span class='ocrx_word' id='word_1_178' title='bbox 2715 3075 2979 3166; x_wconf 89' lang='lat' dir='ltr'>fuerit,</span> <span class='ocrx_word' id='word_1_179' title='bbox 3036 3096 3233 3171; x_wconf 90' lang='lat' dir='ltr'>quae</span> <span class='ocrx_word' id='word_1_180' title='bbox 3301 3075 3440 3148; x_wconf 87' lang='lat' dir='ltr'>ho-</span> 
     </span>
     <span class='ocr_line' id='line_1_20' title="bbox 543 3192 3444 3300; baseline -0.001 -21"><span class='ocrx_word' id='word_1_181' title='bbox 543 3192 852 3280; x_wconf 70' lang='lat' dir='ltr'>&#39;minem</span> <span class='ocrx_word' id='word_1_182' title='bbox 908 3228 956 3278; x_wconf 89' lang='lat' dir='ltr'>a</span> <span class='ocrx_word' id='word_1_183' title='bbox 1004 3204 1207 3279; x_wconf 94' lang='lat' dir='ltr'>bono</span> <span class='ocrx_word' id='word_1_184' title='bbox 1261 3203 1651 3300; x_wconf 88' lang='lat' dir='ltr'>proposito</span> <span class='ocrx_word' id='word_1_185' title='bbox 1699 3203 2008 3279; x_wconf 90' lang='lat' dir='ltr'>retinet.</span> <span class='ocrx_word' id='word_1_186' title='bbox 2048 3202 2186 3277; x_wconf 90' lang='lat' dir='ltr'>His</span> <span class='ocrx_word' id='word_1_187' title='bbox 2226 3224 2407 3298; x_wconf 92' lang='lat' dir='ltr'>ergo</span> <span class='ocrx_word' id='word_1_188' title='bbox 2447 3201 2716 3277; x_wconf 90' lang='lat' dir='ltr'>diebus</span> <span class='ocrx_word' id='word_1_189' title='bbox 2755 3201 3245 3277; x_wconf 88' lang='lat' dir='ltr'>enceniarum</span> <span class='ocrx_word' id='word_1_190' title='bbox 3281 3200 3444 3296; x_wconf 90' lang='lat' dir='ltr'>ipse</span> 
     </span>
     <span class='ocr_line' id='line_1_21' title="bbox 573 3323 3442 3425; baseline -0.003 -19"><span class='ocrx_word' id='word_1_191' title='bbox 573 3333 888 3406; x_wconf 89' lang='lat' dir='ltr'>ornatus</span> <span class='ocrx_word' id='word_1_192' title='bbox 942 3329 1285 3404; x_wconf 90' lang='lat' dir='ltr'>omnium</span> <span class='ocrx_word' id='word_1_193' title='bbox 1339 3329 1827 3404; x_wconf 84' lang='lat' dir='ltr'>ecclesiarum</span> <span class='ocrx_word' id='word_1_194' title='bbox 1882 3331 2024 3422; x_wconf 91' lang='lat' dir='ltr'>est,</span> <span class='ocrx_word' id='word_1_195' title='bbox 2082 3328 2214 3425; x_wconf 92' lang='lat' dir='ltr'>qui</span> <span class='ocrx_word' id='word_1_196' title='bbox 2267 3330 2350 3403; x_wconf 92' lang='lat' dir='ltr'>et</span> <span class='ocrx_word' id='word_1_197' title='bbox 2401 3349 2536 3423; x_wconf 91' lang='lat' dir='ltr'>per</span> <span class='ocrx_word' id='word_1_198' title='bbox 2588 3327 2869 3422; x_wconf 88' lang='lat' dir='ltr'>pascha</span> <span class='ocrx_word' id='word_1_199' title='bbox 2922 3325 3046 3402; x_wconf 85' lang='lat' dir='ltr'>vel</span> <span class='ocrx_word' id='word_1_200' title='bbox 3100 3347 3234 3422; x_wconf 90' lang='lat' dir='ltr'>per</span> <span class='ocrx_word' id='word_1_201' title='bbox 3283 3323 3442 3421; x_wconf 89' lang='lat' dir='ltr'>epi-</span> 
     </span>
     <span class='ocr_line' id='line_1_22' title="bbox 573 3448 3435 3548; baseline -0.001 -23"><span class='ocrx_word' id='word_1_202' title='bbox 573 3453 895 3548; x_wconf 90' lang='lat' dir='ltr'>phania:</span> <span class='ocrx_word' id='word_1_203' title='bbox 952 3455 1034 3527; x_wconf 90' lang='lat' dir='ltr'>et</span> <span class='ocrx_word' id='word_1_204' title='bbox 1087 3451 1202 3525; x_wconf 89' lang='lat' dir='ltr'>ita</span> <span class='ocrx_word' id='word_1_205' title='bbox 1255 3473 1390 3547; x_wconf 92' lang='lat' dir='ltr'>per</span> <span class='ocrx_word' id='word_1_206' title='bbox 1444 3452 1781 3548; x_wconf 90' lang='lat' dir='ltr'>singulos</span> <span class='ocrx_word' id='word_1_207' title='bbox 1838 3452 1997 3527; x_wconf 91' lang='lat' dir='ltr'>dies</span> <span class='ocrx_word' id='word_1_208' title='bbox 2051 3451 2369 3528; x_wconf 86' lang='lat' dir='ltr'>diversis</span> <span class='ocrx_word' id='word_1_209' title='bbox 2413 3451 2600 3526; x_wconf 89' lang='lat' dir='ltr'>locis</span> <span class='ocrx_word' id='word_1_210' title='bbox 2653 3449 2935 3525; x_wconf 88' lang='lat' dir='ltr'>sanctis</span> <span class='ocrx_word' id='word_1_211' title='bbox 2971 3448 3435 3544; x_wconf 85' lang='lat' dir='ltr'>proceditur,</span> 
     </span>
     <span class='ocr_line' id='line_1_23' title="bbox 571 3571 3442 3672; baseline -0.002 -23"><span class='ocrx_word' id='word_1_212' title='bbox 571 3579 667 3650; x_wconf 90' lang='lat' dir='ltr'>ut</span> <span class='ocrx_word' id='word_1_213' title='bbox 717 3597 853 3672; x_wconf 91' lang='lat' dir='ltr'>per</span> <span class='ocrx_word' id='word_1_214' title='bbox 905 3574 1186 3671; x_wconf 88' lang='lat' dir='ltr'>pascha</span> <span class='ocrx_word' id='word_1_215' title='bbox 1241 3576 1364 3651; x_wconf 86' lang='lat' dir='ltr'>vel</span> <span class='ocrx_word' id='word_1_216' title='bbox 1417 3597 1554 3670; x_wconf 91' lang='lat' dir='ltr'>per</span> <span class='ocrx_word' id='word_1_217' title='bbox 1607 3575 2034 3672; x_wconf 89' lang='lat' dir='ltr'>epiphania.</span> <span class='ocrx_word' id='word_1_218' title='bbox 2089 3574 2291 3649; x_wconf 84' lang='lat' dir='ltr'>Nam</span> <span class='ocrx_word' id='word_1_219' title='bbox 2357 3574 2605 3669; x_wconf 87' lang='lat' dir='ltr'>prima</span> <span class='ocrx_word' id='word_1_220' title='bbox 2658 3577 2740 3649; x_wconf 90' lang='lat' dir='ltr'>et</span> <span class='ocrx_word' id='word_1_221' title='bbox 2792 3572 3125 3649; x_wconf 89' lang='lat' dir='ltr'>secunda</span> <span class='ocrx_word' id='word_1_222' title='bbox 3180 3572 3303 3647; x_wconf 92' lang='lat' dir='ltr'>die</span> <span class='ocrx_word' id='word_1_223' title='bbox 3360 3571 3442 3644; x_wconf 93' lang='lat' dir='ltr'>in</span> 
     </span>
    </p>
   </div>
   <div class='ocr_carea' id='block_1_4' title="bbox 573 3883 3451 4458">
    <p class='ocr_par' dir='ltr' id='par_1_5' title="bbox 573 3883 3451 4458">
     <span class='ocr_line' id='line_1_24' title="bbox 574 3883 3448 3969; baseline 0.002 -25"><span class='ocrx_word' id='word_1_224' title='bbox 574 3883 848 3945; x_wconf 77' lang='lat' dir='ltr'>celebrat</span> <span class='ocrx_word' id='word_1_225' title='bbox 887 3883 990 3946; x_wconf 82' lang='lat' dir='ltr'>die</span> <span class='ocrx_word' id='word_1_226' title='bbox 1031 3885 1193 3948; x_wconf 90' lang='lat' dir='ltr'>XIV</span> <span class='ocrx_word' id='word_1_227' title='bbox 1233 3885 1626 3965; x_wconf 84' lang='lat' dir='ltr'>septembris,</span> <span class='ocrx_word' id='word_1_228' title='bbox 1669 3886 1805 3949; x_wconf 89' lang='lat' dir='ltr'>sive</span> <span class='ocrx_word' id='word_1_229' title='bbox 1849 3887 1993 3965; x_wconf 89' lang='lat' dir='ltr'>quia</span> <span class='ocrx_word' id='word_1_230' title='bbox 2033 3907 2105 3949; x_wconf 92' lang='lat' dir='ltr'>eo</span> <span class='ocrx_word' id='word_1_231' title='bbox 2147 3888 2250 3951; x_wconf 91' lang='lat' dir='ltr'>die</span> <span class='ocrx_word' id='word_1_232' title='bbox 2293 3887 2460 3950; x_wconf 83' lang='lat' dir='ltr'>Crux</span> <span class='ocrx_word' id='word_1_233' title='bbox 2498 3889 2770 3969; x_wconf 84' lang='lat' dir='ltr'>inventa,</span> <span class='ocrx_word' id='word_1_234' title='bbox 2812 3889 2948 3952; x_wconf 82' lang='lat' dir='ltr'>sive</span> <span class='ocrx_word' id='word_1_235' title='bbox 2990 3890 3069 3951; x_wconf 94' lang='lat' dir='ltr'>ob</span> <span class='ocrx_word' id='word_1_236' title='bbox 3119 3888 3303 3950; x_wconf 81' lang='lat' dir='ltr'>aliam</span> <span class='ocrx_word' id='word_1_237' title='bbox 3357 3910 3448 3950; x_wconf 89' lang='lat' dir='ltr'>ra-</span> 
     </span>
     <span class='ocr_line' id='line_1_25' title="bbox 573 3981 3444 4066; baseline 0.001 -22"><span class='ocrx_word' id='word_1_238' title='bbox 573 3981 809 4045; x_wconf 89' lang='lat' dir='ltr'>tionem</span> <span class='ocrx_word' id='word_1_239' title='bbox 846 3981 1145 4045; x_wconf 86' lang='lat' dir='ltr'>hactenus</span> <span class='ocrx_word' id='word_1_240' title='bbox 1186 3983 1464 4062; x_wconf 86' lang='lat' dir='ltr'>ignotam</span> <span class='ocrx_word' id='word_1_241' title='bbox 1479 4006 1535 4046; x_wconf 84' lang='lat'>›.</span> <span class='ocrx_word' id='word_1_242' title='bbox 1577 3983 1860 4046; x_wconf 84' lang='lat' dir='ltr'>Traditio</span> <span class='ocrx_word' id='word_1_243' title='bbox 1904 3991 2131 4064; x_wconf 85' lang='lat' dir='ltr'>autem,</span> <span class='ocrx_word' id='word_1_244' title='bbox 2174 4006 2331 4064; x_wconf 90' lang='lat' dir='ltr'>quae</span> <span class='ocrx_word' id='word_1_245' title='bbox 2371 3986 2533 4050; x_wconf 90' lang='lat' dir='ltr'>XIV</span> <span class='ocrx_word' id='word_1_246' title='bbox 2573 3986 2740 4049; x_wconf 89' lang='lat' dir='ltr'>diem</span> <span class='ocrx_word' id='word_1_247' title='bbox 2778 3987 3150 4066; x_wconf 77' lang='lat' dir='ltr'>septembris</span> <span class='ocrx_word' id='word_1_248' title='bbox 3204 3987 3444 4065; x_wconf 83' lang='lat' dir='ltr'>statuit,</span> 
     </span>
     <span class='ocr_line' id='line_1_26' title="bbox 574 4079 3450 4166; baseline 0.002 -24"><span class='ocrx_word' id='word_1_249' title='bbox 574 4079 934 4143; x_wconf 85' lang='lat' dir='ltr'>fortissimis</span> <span class='ocrx_word' id='word_1_250' title='bbox 973 4080 1233 4144; x_wconf 81' lang='lat' dir='ltr'>fulcitur</span> <span class='ocrx_word' id='word_1_251' title='bbox 1273 4083 1674 4161; x_wconf 85' lang='lat' dir='ltr'>argumentis.</span> <span class='ocrx_word' id='word_1_252' title='bbox 1702 4082 1863 4144; x_wconf 84' lang='lat' dir='ltr'>Nam</span> <span class='ocrx_word' id='word_1_253' title='bbox 1889 4090 2138 4162; x_wconf 86' lang='lat' dir='ltr'>praeter</span> <span class='ocrx_word' id='word_1_254' title='bbox 2164 4084 2588 4163; x_wconf 88' lang='lat' dir='ltr'>Peregrinam,</span> <span class='ocrx_word' id='word_1_255' title='bbox 2618 4106 2774 4164; x_wconf 88' lang='lat' dir='ltr'>quae</span> <span class='ocrx_word' id='word_1_256' title='bbox 2801 4085 2869 4146; x_wconf 85' lang='lat' dir='ltr'>id</span> <span class='ocrx_word' id='word_1_257' title='bbox 2896 4087 3103 4166; x_wconf 90' lang='lat' dir='ltr'>ipsum</span> <span class='ocrx_word' id='word_1_258' title='bbox 3126 4084 3326 4148; x_wconf 90' lang='lat' dir='ltr'>denuo</span> <span class='ocrx_word' id='word_1_259' title='bbox 3355 4106 3450 4149; x_wconf 90' lang='lat' dir='ltr'>as-</span> 
     </span>
     <span class='ocr_line' id='line_1_27' title="bbox 576 4179 3446 4264; baseline 0.002 -23"><span class='ocrx_word' id='word_1_260' title='bbox 576 4179 748 4258; x_wconf 88' lang='lat' dir='ltr'>serit,</span> <span class='ocrx_word' id='word_1_261' title='bbox 765 4179 1064 4242; x_wconf 88' lang='lat' dir='ltr'>habemus</span> <span class='ocrx_word' id='word_1_262' title='bbox 1091 4179 1409 4242; x_wconf 88' lang='lat' dir='ltr'>Andream</span> <span class='ocrx_word' id='word_1_263' title='bbox 1437 4180 1817 4256; x_wconf 81' lang='lat' dir='ltr'>Cretensem,</span> <span class='ocrx_word' id='word_1_264' title='bbox 1845 4200 2028 4258; x_wconf 89' lang='lat' dir='ltr'>quem</span> <span class='ocrx_word' id='word_1_265' title='bbox 2055 4181 2454 4244; x_wconf 87' lang='lat' dir='ltr'>doctissimus</span> <span class='ocrx_word' id='word_1_266' title='bbox 2484 4183 2817 4246; x_wconf 81' lang='lat' dir='ltr'>Gretserus</span> <span class='ocrx_word' id='word_1_267' title='bbox 2844 4184 3129 4264; x_wconf 85' lang='lat' dir='ltr'>producit</span> <span class='ocrx_word' id='word_1_268' title='bbox 3155 4184 3223 4246; x_wconf 91' lang='lat' dir='ltr'>in</span> <span class='ocrx_word' id='word_1_269' title='bbox 3241 4204 3446 4264; x_wconf 89' lang='lat' dir='ltr'>opere,</span> 
     </span>
     <span class='ocr_line' id='line_1_28' title="bbox 577 4274 3451 4361; baseline 0.001 -24"><span class='ocrx_word' id='word_1_270' title='bbox 577 4276 676 4339; x_wconf 91' lang='lat' dir='ltr'>De</span> <span class='ocrx_word' id='word_1_271' title='bbox 719 4274 932 4355; x_wconf 84' lang='lat' dir='ltr'>Cruce,</span> <span class='ocrx_word' id='word_1_272' title='bbox 973 4275 1017 4337; x_wconf 91' lang='lat' dir='ltr'>l.</span> <span class='ocrx_word' id='word_1_273' title='bbox 1058 4276 1111 4355; x_wconf 82' lang='grc' dir='ltr'>Ι,</span> <span class='ocrx_word' id='word_1_274' title='bbox 1154 4296 1286 4355; x_wconf 81' lang='lat' dir='ltr'>cap.</span> <span class='ocrx_word' id='word_1_275' title='bbox 1330 4278 1436 4354; x_wconf 86' lang='lat'>62;</span> <span class='ocrx_word' id='word_1_276' title='bbox 1479 4283 1543 4337; x_wconf 91' lang='lat' dir='ltr'>et</span> <span class='ocrx_word' id='word_1_277' title='bbox 1584 4276 2003 4339; x_wconf 83' lang='lat' dir='ltr'>Theodosium</span> <span class='ocrx_word' id='word_1_278' title='bbox 2046 4279 2168 4358; x_wconf 85' lang='lat' dir='ltr'>(De</span> <span class='ocrx_word' id='word_1_279' title='bbox 2209 4286 2381 4341; x_wconf 89' lang='lat' dir='ltr'>terra</span> <span class='ocrx_word' id='word_1_280' title='bbox 2421 4286 2634 4342; x_wconf 85' lang='lat' dir='ltr'>sancta</span> <span class='ocrx_word' id='word_1_281' title='bbox 2688 4301 2821 4360; x_wconf 88' lang='lat' dir='ltr'>cap.</span> <span class='ocrx_word' id='word_1_282' title='bbox 2864 4282 2961 4361; x_wconf 83' lang='lat'>5):</span> <span class='ocrx_word' id='word_1_283' title='bbox 3007 4302 3040 4339; x_wconf 85' lang='lat'><strong>‹</strong></span> <span class='ocrx_word' id='word_1_284' title='bbox 3064 4279 3325 4353; x_wconf 84' lang='lat' dir='ltr'>Quando</span> <span class='ocrx_word' id='word_1_285' title='bbox 3364 4280 3451 4341; x_wconf 91' lang='lat' dir='ltr'>in·</span> 
     </span>
     <span class='ocr_line' id='line_1_29' title="bbox 579 4373 3449 4458; baseline 0.001 -20"><span class='ocrx_word' id='word_1_286' title='bbox 579 4379 770 4438; x_wconf 85' lang='lat' dir='ltr'>venta</span> <span class='ocrx_word' id='word_1_287' title='bbox 810 4380 910 4435; x_wconf 89' lang='lat' dir='ltr'>est</span> <span class='ocrx_word' id='word_1_288' title='bbox 952 4374 1166 4454; x_wconf 79' lang='lat' dir='ltr'>(Crux)</span> <span class='ocrx_word' id='word_1_289' title='bbox 1209 4374 1288 4435; x_wconf 89' lang='lat' dir='ltr'>ab</span> <span class='ocrx_word' id='word_1_290' title='bbox 1328 4373 1589 4451; x_wconf 87' lang='lat' dir='ltr'>Helena,</span> <span class='ocrx_word' id='word_1_291' title='bbox 1630 4381 1826 4436; x_wconf 87' lang='lat' dir='ltr'>matre</span> <span class='ocrx_word' id='word_1_292' title='bbox 1869 4374 2282 4453; x_wconf 82' lang='lat' dir='ltr'>Constantini,</span> <span class='ocrx_word' id='word_1_293' title='bbox 2318 4378 2517 4439; x_wconf 88' lang='lat' dir='ltr'><strong>XVII</strong></span> <span class='ocrx_word' id='word_1_294' title='bbox 2553 4377 2679 4440; x_wconf 86' lang='lat' dir='ltr'>kal.</span> <span class='ocrx_word' id='word_1_295' title='bbox 2721 4378 3012 4456; x_wconf 86' lang='lat' dir='ltr'>octobris,</span> <span class='ocrx_word' id='word_1_296' title='bbox 3052 4398 3166 4457; x_wconf 89' lang='lat' dir='ltr'>per</span> <span class='ocrx_word' id='word_1_297' title='bbox 3206 4384 3449 4458; x_wconf 88' lang='lat' dir='ltr'>septem</span> 
     </span>
    </p>
   </div>
   <div class='ocr_carea' id='block_1_5' title="bbox 578 4469 3453 4630">
    <p class='ocr_par' dir='ltr' id='par_1_6' title="bbox 578 4469 3453 4630">
     <span class='ocr_line' id='line_1_30' title="bbox 578 4469 3453 4627; baseline 0.002 -96"><span class='ocrx_word' id='word_1_298' title='bbox 578 4469 716 4532; x_wconf 82' lang='lat' dir='ltr'>dies</span> <span class='ocrx_word' id='word_1_299' title='bbox 755 4469 822 4531; x_wconf 91' lang='lat' dir='ltr'>in</span> <span class='ocrx_word' id='word_1_300' title='bbox 859 4469 1253 4627; x_wconf 60' lang='lat' dir='ltr'>Higrusalem</span> <span class='ocrx_word' id='word_1_301' title='bbox 1294 4470 1376 4532; x_wconf 90' lang='lat' dir='ltr'>ad</span> <span class='ocrx_word' id='word_1_302' title='bbox 1416 4478 1699 4534; x_wconf 87' lang='lat' dir='ltr'>sanctum</span> <span class='ocrx_word' id='word_1_303' title='bbox 1738 4472 2098 4551; x_wconf 86' lang='lat' dir='ltr'>sepulcrum&#39;</span> <span class='ocrx_word' id='word_1_304' title='bbox 2141 4474 2394 4536; x_wconf 89' lang='lat' dir='ltr'>Domini</span> <span class='ocrx_word' id='word_1_305' title='bbox 2444 4474 2674 4537; x_wconf 89' lang='lat' dir='ltr'>missae</span> <span class='ocrx_word' id='word_1_306' title='bbox 2731 4474 3139 4555; x_wconf 84' lang='lat' dir='ltr'>celebrantur,</span> <span class='ocrx_word' id='word_1_307' title='bbox 3197 4482 3263 4537; x_wconf 91' lang='lat' dir='ltr'>et</span> <span class='ocrx_word' id='word_1_308' title='bbox 3312 4475 3453 4555; x_wconf 86' lang='lat' dir='ltr'>ipsa</span> 
     </span>
     <span class='ocr_line' id='line_1_31' title="bbox 578 4568 1192 4630; baseline -0.003 0"><span class='ocrx_word' id='word_1_309' title='bbox 578 4588 726 4630; x_wconf 84' lang='lat' dir='ltr'>crux</span> <span class='ocrx_word' id='word_1_310' title='bbox 765 4575 944 4630; x_wconf 87' lang='lat' dir='ltr'>osten</span> <span class='ocrx_word' id='word_1_311' title='bbox 988 4568 1115 4630; x_wconf 87' lang='lat' dir='ltr'>itur</span> <span class='ocrx_word' id='word_1_312' title='bbox 1135 4591 1192 4629; x_wconf 84' lang='lat'>›.</span> 
     </span>
    </p>
   </div>
   <div class='ocr_carea' id='block_1_6' title="bbox 581 4664 3454 5139">
    <p class='ocr_par' dir='ltr' id='par_1_7' title="bbox 740 4664 1476 4746">
     <span class='ocr_line' id='line_1_32' title="bbox 740 4664 1476 4746; baseline 0.001 -19"><span class='ocrx_word' id='word_1_313' title='bbox 740 4664 760 4702; x_wconf 86' lang='lat'><strong>¹</strong></span> <span class='ocrx_word' id='word_1_314' title='bbox 788 4667 1034 4746; x_wconf 85' lang='lat' dir='ltr'>Regum</span> <span class='ocrx_word' id='word_1_315' title='bbox 1073 4667 1115 4730; x_wconf 89' lang='lat'>1.</span> <span class='ocrx_word' id='word_1_316' title='bbox 1155 4667 1279 4745; x_wconf 89' lang='lat'>111,</span> <span class='ocrx_word' id='word_1_317' title='bbox 1322 4687 1375 4728; x_wconf 90' lang='lat' dir='ltr'>c.</span> <span class='ocrx_word' id='word_1_318' title='bbox 1417 4669 1476 4728; x_wconf 85' lang='lat'>8.</span> 
     </span>
    </p>

    <p class='ocr_par' dir='ltr' id='par_1_8' title="bbox 581 4762 3454 5139">
     <span class='ocr_line' id='line_1_33' title="bbox 737 4762 3452 4848; baseline 0.003 -23"><span class='ocrx_word' id='word_1_319' title='bbox 737 4762 763 4800; x_wconf 81' lang='lat'><strong>²</strong></span> <span class='ocrx_word' id='word_1_320' title='bbox 791 4764 1162 4827; x_wconf 84' lang='lat' dir='ltr'>Sozomenus</span> <span class='ocrx_word' id='word_1_321' title='bbox 1204 4774 1446 4845; x_wconf 87' lang='lat' dir='ltr'>septem</span> <span class='ocrx_word' id='word_1_322' title='bbox 1470 4784 1595 4827; x_wconf 90' lang='lat' dir='ltr'>non</span> <span class='ocrx_word' id='word_1_323' title='bbox 1621 4772 1757 4828; x_wconf 89' lang='lat' dir='ltr'>octo</span> <span class='ocrx_word' id='word_1_324' title='bbox 1791 4765 1928 4829; x_wconf 82' lang='lat' dir='ltr'>dies</span> <span class='ocrx_word' id='word_1_325' title='bbox 1970 4767 2431 4830; x_wconf 89' lang='lat' dir='ltr'>solemnitatem</span> <span class='ocrx_word' id='word_1_326' title='bbox 2460 4767 2894 4830; x_wconf 85' lang='lat' dir='ltr'>encaeniarum</span> <span class='ocrx_word' id='word_1_327' title='bbox 2920 4767 3284 4848; x_wconf 87' lang='lat' dir='ltr'>productam</span> <span class='ocrx_word' id='word_1_328' title='bbox 3312 4787 3452 4832; x_wconf 88' lang='lat' dir='ltr'>esse</span> 
     </span>
     <span class='ocr_line' id='line_1_34' title="bbox 582 4860 3453 4944; baseline 0.001 -20"><span class='ocrx_word' id='word_1_329' title='bbox 582 4860 803 4924; x_wconf 86' lang='lat' dir='ltr'>scribit</span> <span class='ocrx_word' id='word_1_330' title='bbox 844 4862 1039 4942; x_wconf 87' lang='lat' dir='ltr'>(Hist.</span> <span class='ocrx_word' id='word_1_331' title='bbox 1080 4862 1153 4924; x_wconf 75' lang='lat' dir='ltr'>E.</span> <span class='ocrx_word' id='word_1_332' title='bbox 1196 4863 1237 4924; x_wconf 91' lang='lat'>1.</span> <span class='ocrx_word' id='word_1_333' title='bbox 1292 4864 1381 4925; x_wconf 92' lang='grc' dir='ltr'>Π.</span> <span class='ocrx_word' id='word_1_334' title='bbox 1434 4883 1564 4942; x_wconf 89' lang='lat' dir='ltr'>cap.</span> <span class='ocrx_word' id='word_1_335' title='bbox 1623 4865 1764 4944; x_wconf 81' lang='lat'>26)·:</span> <span class='ocrx_word' id='word_1_336' title='bbox 1824 4887 1856 4922; x_wconf 90' lang='lat'><strong>‹</strong></span> <span class='ocrx_word' id='word_1_337' title='bbox 1881 4863 2228 4927; x_wconf 77' lang='lat' dir='ltr'>Solemnem</span> <span class='ocrx_word' id='word_1_338' title='bbox 2282 4865 2612 4943; x_wconf 84' lang='lat' dir='ltr'>quotannis</span> <span class='ocrx_word' id='word_1_339' title='bbox 2662 4864 3070 4929; x_wconf 86' lang='lat' dir='ltr'>festivitatem</span> <span class='ocrx_word' id='word_1_340' title='bbox 3122 4865 3453 4928; x_wconf 87' lang='lat' dir='ltr'>admodum</span> 
     </span>
     <span class='ocr_line' id='line_1_35' title="bbox 581 4959 3454 5043; baseline 0.002 -22"><span class='ocrx_word' id='word_1_341' title='bbox 581 4959 909 5038; x_wconf 90' lang='lat' dir='ltr'>splendide</span> <span class='ocrx_word' id='word_1_342' title='bbox 947 4959 1495 5040; x_wconf 83' lang='lat' dir='ltr'>hierosolymitana</span> <span class='ocrx_word' id='word_1_343' title='bbox 1534 4960 1808 5024; x_wconf 88' lang='lat' dir='ltr'>celebrat</span> <span class='ocrx_word' id='word_1_344' title='bbox 1849 4961 2142 5023; x_wconf 86' lang='lat' dir='ltr'>ecclesia:</span> <span class='ocrx_word' id='word_1_345' title='bbox 2183 4961 2325 5024; x_wconf 85' lang='lat' dir='ltr'>ideo</span> <span class='ocrx_word' id='word_1_346' title='bbox 2366 4968 2440 5023; x_wconf 86' lang='lat' dir='ltr'>ut</span> <span class='ocrx_word' id='word_1_347' title='bbox 2477 4963 2772 5041; x_wconf 82' lang='lat' dir='ltr'>baptismi</span> <span class='ocrx_word' id='word_1_348' title='bbox 2800 4982 3041 5043; x_wconf 90' lang='lat' dir='ltr'>quoque</span> <span class='ocrx_word' id='word_1_349' title='bbox 3068 4970 3454 5026; x_wconf 85' lang='lat' dir='ltr'>sacramenta</span> 
     </span>
     <span class='ocr_line' id='line_1_36' title="bbox 582 5056 3453 5139; baseline 0.001 -19"><span class='ocrx_word' id='word_1_350' title='bbox 582 5076 654 5120; x_wconf 91' lang='lat' dir='ltr'>eo</span> <span class='ocrx_word' id='word_1_351' title='bbox 695 5056 798 5120; x_wconf 90' lang='lat' dir='ltr'>die</span> <span class='ocrx_word' id='word_1_352' title='bbox 836 5057 1177 5132; x_wconf 84' lang='lat' dir='ltr'>tradantur,</span> <span class='ocrx_word' id='word_1_353' title='bbox 1224 5066 1289 5120; x_wconf 90' lang='lat' dir='ltr'>et</span> <span class='ocrx_word' id='word_1_354' title='bbox 1328 5077 1442 5137; x_wconf 90' lang='lat' dir='ltr'>per</span> <span class='ocrx_word' id='word_1_355' title='bbox 1480 5058 1801 5119; x_wconf 89' lang='lat' dir='ltr'>continuos</span> <span class='ocrx_word' id='word_1_356' title='bbox 1840 5066 2079 5136; x_wconf 88' lang='lat' dir='ltr'>septem</span> <span class='ocrx_word' id='word_1_357' title='bbox 2121 5058 2258 5119; x_wconf 86' lang='lat' dir='ltr'>dies</span> <span class='ocrx_word' id='word_1_358' title='bbox 2299 5059 2595 5121; x_wconf 87' lang='lat' dir='ltr'>collectae</span> <span class='ocrx_word' id='word_1_359' title='bbox 2636 5059 2819 5121; x_wconf 85' lang='lat' dir='ltr'>fiant:</span> <span class='ocrx_word' id='word_1_360' title='bbox 2852 5060 3154 5139; x_wconf 88' lang='lat' dir='ltr'>multique</span> <span class='ocrx_word' id='word_1_361' title='bbox 3182 5079 3260 5122; x_wconf 81' lang='lat' dir='ltr'>ex</span> <span class='ocrx_word' id='word_1_362' title='bbox 3287 5061 3453 5122; x_wconf 90' lang='lat' dir='ltr'>omni</span> 
     </span>
    </p>
   </div>
   <div class='ocr_carea' id='block_1_7' title="bbox 582 5154 3453 5314">
    <p class='ocr_par' dir='ltr' id='par_1_9' title="bbox 582 5154 3453 5314">
     <span class='ocr_line' id='line_1_37' title="bbox 582 5154 3453 5239; baseline 0.002 -23"><span class='ocrx_word' id='word_1_363' title='bbox 582 5154 716 5216; x_wconf 86' lang='lat' dir='ltr'>fere</span> <span class='ocrx_word' id='word_1_364' title='bbox 754 5162 1062 5217; x_wconf 86' lang='lat' dir='ltr'>terrarum</span> <span class='ocrx_word' id='word_1_365' title='bbox 1097 5156 1244 5218; x_wconf 90' lang='lat' dir='ltr'>orbe</span> <span class='ocrx_word' id='word_1_366' title='bbox 1271 5154 1663 5233; x_wconf 88' lang='lat' dir='ltr'>conveniunt,</span> <span class='ocrx_word' id='word_1_367' title='bbox 1693 5154 1799 5233; x_wconf 89' lang='lat' dir='ltr'>qui</span> <span class='ocrx_word' id='word_1_368' title='bbox 1826 5155 2009 5217; x_wconf 89' lang='lat' dir='ltr'>huius</span> <span class='ocrx_word' id='word_1_369' title='bbox 2035 5155 2405 5218; x_wconf 85' lang='lat' dir='ltr'>festivitatis</span> <span class='ocrx_word' id='word_1_370' title='bbox 2430 5164 2707 5237; x_wconf 89' lang='lat' dir='ltr'>tempore</span> <span class='ocrx_word' id='word_1_371' title='bbox 2736 5157 2817 5218; x_wconf 90' lang='lat' dir='ltr'>ad</span> <span class='ocrx_word' id='word_1_372' title='bbox 2844 5177 3020 5220; x_wconf 84' lang='lat' dir='ltr'>sacra</span> <span class='ocrx_word' id='word_1_373' title='bbox 3046 5158 3183 5221; x_wconf 88' lang='lat' dir='ltr'>loca</span> <span class='ocrx_word' id='word_1_374' title='bbox 3206 5157 3453 5239; x_wconf 87' lang='lat' dir='ltr'>publice</span> 
     </span>
     <span class='ocr_line' id='line_1_38' title="bbox 586 5260 993 5314; baseline 0.002 -1"><span class='ocrx_word' id='word_1_375' title='bbox 586 5260 913 5314; x_wconf 86' lang='lat' dir='ltr'>occurrunt</span> <span class='ocrx_word' id='word_1_376' title='bbox 936 5274 993 5314; x_wconf 83' lang='lat'>›.</span> 
     </span>
    </p>
   </div>
   <div class='ocr_carea' id='block_1_8' title="bbox 583 5348 3458 5626">
    <p class='ocr_par' dir='ltr' id='par_1_10' title="bbox 583 5348 3458 5626">
     <span class='ocr_line' id='line_1_39' title="bbox 743 5348 3457 5436; baseline 0.003 -25"><span class='ocrx_word' id='word_1_377' title='bbox 743 5348 768 5386; x_wconf 79' lang='lat'>³</span> <span class='ocrx_word' id='word_1_378' title='bbox 797 5350 1185 5429; x_wconf 71' lang='lat' dir='ltr'>congregata</span> <span class='ocrx_word' id='word_1_379' title='bbox 1206 5352 1632 5432; x_wconf 87' lang='lat' dir='ltr'>episcoporum</span> <span class='ocrx_word' id='word_1_380' title='bbox 1651 5351 2001 5429; x_wconf 85' lang='lat' dir='ltr'>frequentia</span> <span class='ocrx_word' id='word_1_381' title='bbox 2027 5353 2109 5413; x_wconf 90' lang='lat' dir='ltr'>ad</span> <span class='ocrx_word' id='word_1_382' title='bbox 2135 5352 2458 5416; x_wconf 89' lang='lat' dir='ltr'>encaenias</span> <span class='ocrx_word' id='word_1_383' title='bbox 2485 5354 2845 5418; x_wconf 81' lang='lat' dir='ltr'>recolendas</span> <span class='ocrx_word' id='word_1_384' title='bbox 2875 5359 3255 5418; x_wconf 85' lang='lat' dir='ltr'>occasionem</span> <span class='ocrx_word' id='word_1_385' title='bbox 3280 5375 3457 5436; x_wconf 87' lang='lat' dir='ltr'>prae-</span> 
     </span>
     <span class='ocr_line' id='line_1_40' title="bbox 583 5446 3458 5530; baseline 0.002 -21"><span class='ocrx_word' id='word_1_386' title='bbox 583 5447 738 5523; x_wconf 88' lang='lat' dir='ltr'>buit,</span> <span class='ocrx_word' id='word_1_387' title='bbox 766 5453 840 5508; x_wconf 91' lang='lat' dir='ltr'>ut</span> <span class='ocrx_word' id='word_1_388' title='bbox 866 5447 985 5509; x_wconf 91' lang='lat' dir='ltr'>duo</span> <span class='ocrx_word' id='word_1_389' title='bbox 1012 5449 1273 5511; x_wconf 88' lang='lat' dir='ltr'>concilia</span> <span class='ocrx_word' id='word_1_390' title='bbox 1312 5446 1765 5529; x_wconf 82' lang='lat' dir='ltr'>Hierosolymis</span> <span class='ocrx_word' id='word_1_391' title='bbox 1792 5450 2005 5510; x_wconf 88' lang='lat' dir='ltr'>habita</span> <span class='ocrx_word' id='word_1_392' title='bbox 2029 5449 2263 5513; x_wconf 85' lang='lat' dir='ltr'>fuerint</span> <span class='ocrx_word' id='word_1_393' title='bbox 2277 5472 2295 5530; x_wconf 70' lang='grc' dir='ltr'><strong><em>ς</em></strong></span> <span class='ocrx_word' id='word_1_394' title='bbox 2320 5470 2510 5512; x_wconf 89' lang='lat' dir='ltr'>unum</span> <span class='ocrx_word' id='word_1_395' title='bbox 2531 5471 2688 5514; x_wconf 85' lang='lat' dir='ltr'>anno</span> <span class='ocrx_word' id='word_1_396' title='bbox 2720 5454 2841 5514; x_wconf 85' lang='lat'>350</span> <span class='ocrx_word' id='word_1_397' title='bbox 2865 5452 2933 5515; x_wconf 91' lang='lat' dir='ltr'>in</span> <span class='ocrx_word' id='word_1_398' title='bbox 2958 5472 3145 5517; x_wconf 83' lang='lat' dir='ltr'>causa</span> <span class='ocrx_word' id='word_1_399' title='bbox 3184 5474 3235 5516; x_wconf 86' lang='lat' dir='ltr'>s.</span> <span class='ocrx_word' id='word_1_400' title='bbox 3264 5453 3458 5516; x_wconf 88' lang='lat' dir='ltr'>Atha-</span> 
     </span>
     <span class='ocr_line' id='line_1_41' title="bbox 583 5541 2834 5626; baseline 0.003 -21"><span class='ocrx_word' id='word_1_401' title='bbox 583 5541 764 5619; x_wconf 85' lang='lat' dir='ltr'>nasii,</span> <span class='ocrx_word' id='word_1_402' title='bbox 807 5544 1065 5605; x_wconf 83' lang='lat' dir='ltr'>alterum</span> <span class='ocrx_word' id='word_1_403' title='bbox 1105 5565 1261 5608; x_wconf 84' lang='lat' dir='ltr'>anno</span> <span class='ocrx_word' id='word_1_404' title='bbox 1304 5546 1424 5607; x_wconf 84' lang='lat'>518</span> <span class='ocrx_word' id='word_1_405' title='bbox 1462 5566 1574 5626; x_wconf 89' lang='lat' dir='ltr'>pro</span> <span class='ocrx_word' id='word_1_406' title='bbox 1613 5545 1842 5608; x_wconf 88' lang='lat' dir='ltr'>unione</span> <span class='ocrx_word' id='word_1_407' title='bbox 1883 5546 2180 5609; x_wconf 86' lang='lat' dir='ltr'>ecclesiae</span> <span class='ocrx_word' id='word_1_408' title='bbox 2220 5566 2442 5625; x_wconf 85' lang='lat' dir='ltr'>grecae</span> <span class='ocrx_word' id='word_1_409' title='bbox 2482 5552 2549 5611; x_wconf 87' lang='lat' dir='ltr'>et</span> <span class='ocrx_word' id='word_1_410' title='bbox 2585 5548 2834 5611; x_wconf 88' lang='lat' dir='ltr'>latinae.</span> 
     </span>
    </p>
   </div>
   <div class='ocr_carea' id='block_1_9' title="bbox 4614 39 4619 542">
    <p class='ocr_par' dir='ltr' id='par_1_11' title="bbox 4614 39 4619 542">
     <span class='ocr_line' id='line_1_42' title="bbox 4614 39 4619 542; baseline 0 0"><span class='ocrx_word' id='word_1_411' title='bbox 4614 39 4619 542; x_wconf 95' lang='lat' dir='ltr'> </span> 
     </span>
    </p>
   </div>
  </div>
 </body>
</html>
