4642 6650
1477 742 1564 786 AD
1611 739 1783 785 Loca
1828 737 2084 784 sAucTA
2127 736 2239 781 An.
2285 740 2488 781 aes-ass
3337 712 3421 777 63

1421 828 2032 838 ..,..--.-.-------
2045 827 2242 833 —-—--⁴
2283 825 2507 832 .-.---..-.ὮΊ
2546 825 2559 830 -
2572 824 2737 830 ....----
2788 823 2999 829 -----.--,
3016 823 3129 828 ..m-„i
3148 821 3189 828 st
3210 823 3219 824 ἶ

544 963 935 1036 mansione
966 953 984 994 ²
1026 963 1167 1034 est.
1189 960 1290 1033 Et
1327 959 1691 1056 quoniam
1730 957 1821 1029 de
1860 954 2269 1029 Anthiocia
2295 953 2605 1049 propius
2642 955 2761 1026 est
2789 948 3342 1045 Mesopotamia
3369 942 3426 1038 ²,

546 1089 698 1162 fuit
734 1088 923 1161 mihi
960 1088 1271 1161 iubente
1309 1086 1469 1159 Deo
1513 1087 1974 1180 oportunum
2018 1081 2229 1171 satiS,
2279 1083 2372 1152 ut
2408 1076 3050 1174 quemadmodum
3093 1077 3426 1151 reverte-

548 1215 689 1287 bar
718 1211 1458 1307 Constantinopolim
1489 1209 1702 1306 (quia
1728 1231 1863 1304 per
1891 1205 2382 1279 Anthiociam
2412 1205 2560 1279 iter
2589 1203 2812 1294 erat),
2845 1202 3019 1276 inde
3059 1202 3154 1275 ad
3185 1201 3426 1274 Meso-

552 1338 970 1435 potamiam
1026 1337 1239 1428 irem,
1298 1336 1497 1409 sicut
1552 1337 1632 1409 et
1687 1334 1979 1408 factum
2034 1336 2152 1405 est
2209 1331 2370 1405 Deo
2426 1330 2762 1405 iubente.

715 1455 723 1562 Ι
783 1462 1055 1557 Itaque
1111 1484 1289 1557 ergo
1348 1462 1429 1534 in
1489 1459 1797 1533 nomine
1874 1456 2152 1531 Christi
2211 1456 2350 1529 Dei
2405 1456 2650 1529 nostri
2715 1455 3059 1550 profecta
3114 1476 3280 1526 sum
3340 1451 3431 1525 de
3486 1468 3561 1523 48

555 1587 966 1662 Anthiocia
992 1587 1088 1660 ad
1126 1585 1782 1682 Mesopotamiam,
1823 1584 2113 1657 habens
2151 1582 2302 1656 iter
2339 1604 2473 1678 per
2513 1583 2944 1655 mansiones
2983 1602 3117 1654 seu
3167 1578 3433 1652 civita-

539 1707 671 1787 ¹tes
697 1713 997 1808 aliquot
1032 1711 1467 1806 provinciae
1498 1710 1738 1783 Sir-iae
1778 1708 2007 1783 Celen
2033 1702 2083 1798 ⁸,
2116 1730 2313 1802 quae
2345 1710 2463 1780 est
2494 1705 2970 1780 Anthiociae:
3008 1709 3087 1780 et
3116 1702 3290 1777 inde
3320 1703 3432 1776 in-

554 1859 813 1933 gressa
865 1835 1052 1910 fines
1127 1835 1559 1931 provinciae
1634 1832 2350 1929 Augustofratensis
2386 1827 2437 1923 ⁴,
2514 1831 2829 1928 perveni
2884 1829 2983 1904 ad
3040 1829 3435 1904 civitatem

561 1961 993 2057 Gerapolim
1020 1956 1071 2051 ⁵,
1131 1982 1326 2056 quae
1367 1963 1485 2034 est
1524 1958 1967 2054 metropolis
2006 1958 2237 2052 ipsius
2290 1957 2749 2051 provinciae,
2781 1956 2858 2029 id
2896 1958 3013 2030 est
3049 1952 3437 2049 Augusto-

563 2086 945 2159 fratensis.
1004 2085 1107 2158 Et
1160 2085 1523 2180 quoniam
1577 2084 1765 2158 haec
1820 2083 2092 2158 civitas
2139 2083 2364 2157 valde
2408 2082 2725 2177 pulchra
2761 2085 2842 2157 et
2897 2081 3263 2177 opulenta
3321 2081 3441 2153 est

560 2214 797 2306 atque
853 2210 1254 2283 abundans
1312 2210 1688 2300 omnibUS,
1764 2230 2066 2284 necesse
2143 2230 2266 2282 me
2335 2207 2488 2281 fuit
2542 2207 2649 2280 ibi
2724 2208 2970 2283 facere
3027 2207 3436 2281 stativam:

563 2336 928 2431 quoniam
983 2334 1138 2407 iam
1192 2332 1368 2408 inde
1443 2355 1597 2407 non
1674 2333 1896 2428 longe
1952 2336 2174 2407 erant
2237 2331 2425 2407 fines
2491 2332 3108 2428 Mesopotamiae.
3168 2331 3441 2426 Itaque

564 2481 744 2553 ergo
799 2458 1277 2554 proficiscens
1352 2458 1443 2532 de
1508 2456 1838 2553 Ierapoli
1902 2457 1983 2529 in
2046 2457 2617 2552 quintodecimo
2674 2458 3001 2531 miliario
3037 2448 3089 2549 ⁶,
3146 2457 3227 2529 in
3307 2477 3441 2528 no·

564 2584 770 2657 mine
799 2583 967 2674 Dei,
1000 2584 1309 2679 perveni
1339 2583 1436 2657 ad
1464 2582 1783 2657 fluvium
1817 2582 2282 2677 Euphratem
2326 2583 2418 2657 de
2448 2605 2598 2679 quo
2630 2584 2822 2658 bene
2852 2583 3039 2656 satis
3078 2582 3442 2678 scriptum

569 2711 708 2799 est,
768 2729 931 2782 esse
969 2706 1252 2781 flumen
1292 2729 1657 2801 magnum
1696 2707 2166 2802 Euphraten,
2208 2709 2289 2780 et
2325 2707 2615 2802 ingens,
2674 2710 2755 2781 et
2810 2707 3027 2803 quasi
3081 2704 3447 2780 terribilis

572 2837 709 2922 est;
741 2833 856 2906 ita
885 2833 1087 2907 enim
1118 2832 1452 2907 decurrit
1480 2833 1766 2907 habens
1805 2834 2200 2928 impetum,
2239 2833 2440 2908 sicut
2477 2833 2713 2907 habet
2748 2833 3029 2908 fluvius
3059 2831 3444 2921 Rodanus,

574 2956 721 3031 nisi
754 2956 956 3052 quod
988 2956 1235 3030 adhuc
1264 2957 1509 3030 maior
1537 2960 1653 3030 est
1679 2956 2107 3052 Euphrates
2134 2948 2185 3030 ⁷.
2226 2958 2503 3053 Itaque
2541 2979 2720 3053 ergo
2759 2957 3120 3052 quoniam
3149 2976 3448 3031 necesse

580 3083 749 3155 erat
803 3102 981 3154 eum
1034 3080 1361 3154 navibus
1417 3081 1768 3172 transire,
1829 3085 1911 3156 et
1963 3082 2289 3156 navibus
2344 3081 2648 3156 nonnisi
2704 3084 3144 3173 maioribus,
3203 3102 3292 3155 ac
3345 3080 3450 3154 sic

574 3206 990 3279 immorata
1019 3229 1188 3280 sum
1225 3204 1550 3279 forsitan
1588 3207 1758 3301 plus
1796 3207 2048 3281 media
2088 3207 2232 3282 die:
2273 3210 2356 3282 et
2391 3207 2565 3282 inde
2603 3208 2682 3281 in
2720 3208 3026 3282 nomine
3063 3206 3202 3281 Dei
3238 3209 3452 3279 tran-

576 3334 726 3405 sito
783 3330 1096 3405 flumine
1150 3330 1619 3427 Euphraten,
1676 3333 2016 3429 ingressa
2071 3356 2242 3407 sum
2297 3333 2486 3407 fines
2543 3332 3135 3430 Mesopotamiae
3187 3332 3449 3405 Siriae.

737 3456 849 3530 Ac
886 3457 990 3531 sic
1028 3456 1276 3529 denuo
1306 3454 1586 3530 faciens
1617 3458 1768 3530 iter
1793 3480 1931 3553 per
1956 3460 2385 3533 mansiones
2425 3459 2747 3554 aliquot,
2789 3459 3100 3555 perveni
3141 3457 3236 3531 ad
3273 3456 3453 3530 civi-

577 3585 848 3674 tatem,
881 3584 1094 3657 cuius
1149 3606 1427 3659 nomen
1457 3584 1535 3657 in
1579 3584 1972 3679 scripturis
2010 3584 2343 3680 positum
2380 3584 2729 3680 legimus,
2790 3585 2868 3657 id
2905 3587 3023 3660 est
3060 3583 3377 3657 Batanis
3403 3574 3454 3674 ⁸,

742 3806 761 3843 ¹
797 3807 950 3870 Octo
979 3814 1044 3869 et
1074 3808 1287 3870 decem
1315 3810 1668 3870 mansiones
1697 3816 1874 3871 erant
1901 3811 1979 3870 ab
2006 3810 2462 3889 Hierosolymis
2490 3809 2570 3871 ad
2597 3809 2992 3871 Antiochiam
3025 3809 3206 3888 juxta
3243 3808 3461 3870 Itiner.

586 3905 868 3984 Burdig.‚
913 3913 1155 3985 septem
1196 3915 1402 3968 autem
1444 3909 1522 3968 ab
1563 3908 1897 3969 Antiochia
1937 3909 2258 3970 Edessam.

744 4003 769 4039 ²
800 4003 950 4065 Cod.
991 4003 1522 4082 Mesopotamiam.

745 4101 770 4138 ³
802 4102 987 4164 Coele
1031 4101 1212 4181 Syria
1252 4102 1573 4181 provincia
1609 4103 1777 4164 inter
1815 4103 2120 4164 Libanum
2163 4110 2228 4165 et
2255 4105 2685 4166 Antilibanum
2712 4104 3039 4183 aliquando
3070 4105 3258 4168 etiam
3286 4103 3469 4184 Syria

587 4198 774 4260 Coele
818 4198 1128 4276 scribitur,
1168 4200 1536 4278 praesertim
1575 4201 1820 4261 saeculo
1862 4208 2077 4278 quarto
2124 4200 2243 4279 (De
2284 4201 2399 4263 Vit
2441 4201 2757 4264 Onomast.
2800 4202 2879 4263 ad
2919 4202 2979 4263 h.
3021 4203 3129 4283 v.).
3321 4207 3336 4217 '

749 4297 776 4332 ⁴
804 4296 1412 4375 Augustofratensis‚
1441 4297 1758 4376 provincia
1777 4297 2027 4359 flumine
2051 4299 2368 4376 Euphrate
2395 4300 2474 4361 ad
2497 4300 2795 4362 orientem
2823 4300 3105 4377 limitata,
3135 4307 3271 4363 erat
3291 4306 3472 4361 antea

587 4393 800 4455 eadem
830 4414 900 4454 ac
931 4394 1340 4474 Commagene
1368 4396 1542 4473 regio
1572 4387 1787 4474 Syriae
1831 4402 1896 4457 et
1923 4397 2352 4476 appellabatur
2392 4398 2875 4479 Euphratensis:
2920 4400 3034 4461 sed
3073 4399 3141 4459 in
3182 4398 3469 4478 Epitome

587 4492 737 4551 Aur.
780 4490 945 4552 Vict.
986 4491 1219 4570 legitur
1258 4492 1924 4570 Augustophratensis.

747 4588 772 4624 ⁵
798 4589 1156 4669 Hierapolis
1185 4590 1410 4653 civitas
1444 4614 1474 4648 e
1499 4593 1904 4669 capacissima
1926 4617 1958 4652 ›
1995 4592 2219 4673 (Amm.
2249 4590 2441 4655 Marc.
2462 4593 2505 4655 1.
2535 4596 2633 4673 23,
2661 4597 2719 4673 23
2749 4595 3010 4675 Procop.
3031 4597 3105 4657 B.
3129 4596 3203 4658 P.
3225 4596 3267 4656 1.
3297 4598 3354 4671 2,
3387 4596 3470 4676 9),

591 4688 706 4750 sub
734 4687 1139 4750 Constantino
1168 4690 1527 4768 metropolis
1557 4689 1723 4752 facta
1752 4701 1851 4753 est
1878 4693 2231 4771 provinciae
2260 4693 2712 4771 Euphratensis
2745 4694 2978 4775 (Malal.
3009 4695 3314 4756 Chron.c.
3348 4695 3470 4775 13)

590 4784 917 4864 Religione
945 4786 1283 4847 christiana
1324 4796 1695 4865 augescente
1735 4788 2091 4868 Hierapolis
2132 4808 2357 4851 nomen
2387 4790 2705 4869 antiquum
2731 4792 3078 4873 Bambyces
3120 4793 3241 4854 sibi
3281 4792 3478 4853 vindi·

596 4884 777 4960 cavit,
820 4884 1003 4945 hodie
1046 4891 1251 4944 autem
1294 4884 1463 4946 dicta
1504 4889 1689 4947 Κανά
1727 4888 2079 4948 Bambuche
2117 4889 2222 4949 vel
2263 4870 2516 4968 Buyuk.

751 4982 776 5017 ⁶
804 4981 881 5041 In
919 4981 1132 5041 tabula
1173 4980 1656 5061 Peutingeriana
1694 4991 1984 5046 notantur
2012 4984 2209 5045 millia
2236 4986 2481 5047 XXIV.
2523 4988 2710 5048 quta
2749 4987 3278 5051 Α11111611111616111
3259 5009 3324 5048 111
3352 4988 3479 5047 Me-

595 5081 955 5159 sopotamia,
996 5080 1171 5141 cuius
1211 5082 1278 5141 in
1319 5082 1635 5142 territorio
1664 5082 1946 5144 Bathnae
1977 5082 2135 5144 sitae
2164 5090 2341 5144 erant
2384 5084 2608 5164 (Amm.
2656 5086 2846 5147 Marc.
2887 5087 3066 5164 XIV,
3110 5089 3175 5162 3,
3220 5087 3306 5167 3),
3363 5085 3480 5146 Eu-

593 5178 847 5257 phrates
888 5178 1313 5240 traiiciebatur
1351 5187 1628 5259 tempore
1672 5181 1993 5242 Strabonis
2038 5184 2101 5264 (l.
2146 5184 2297 5260 XX,
2340 5205 2401 5261 p.
2446 5186 2568 5263 74).

758 5275 782 5311 ⁷
809 5277 905 5337 Ex
942 5276 1058 5337 hac
1099 5279 1554 5356 comparatione
1593 5277 1865 5342 fluminis
1907 5282 2246 5359 Euphratis
2287 5302 2425 5343 cum
2468 5282 2772 5344 Rhodano
2822 5283 3118 5363 colligere
3171 5284 3323 5345 licet
3370 5283 3486 5346 Pe-

596 5374 906 5452 regrinam
948 5395 1026 5435 ex
1066 5373 1272 5435 Gallia
1312 5395 1452 5438 esse
1491 5376 1850 5457 profectam,
1894 5386 2080 5456 atque
2123 5379 2202 5439 ad
2242 5380 2630 5441 venerabiles
2682 5380 2962 5442 dominas
3004 5381 3069 5441 in
3109 5381 3480 5442 monasterio

598 5471 763 5551 apud
804 5473 1169 5535 Rhodanum
1210 5474 1509 5553 degentes
1551 5477 1786 5556 scripta
1827 5498 1940 5539 sua
1980 5478 2230 5540 mittere
2271 5478 2693 5540 constituisse.

759 5570 783 5605 ⁸
812 5570 1091 5644 BataniS,
1135 5571 1417 5634 Bathnae
1458 5573 1522 5633 in
1567 5573 1905 5649 osdroena,
1948 5595 2104 5653 quae
2147 5580 2214 5636 et
2251 5575 2475 5638 Batnis
2514 5576 2580 5636 in
2622 5576 2771 5638 Tab.
2814 5577 2996 5639 Peut.
3040 5578 3207 5640 Male
3243 5577 3344 5638 1116
3372 5577 3486 5638 Ρ6-
