4642 6650
1424 752 1514 797 An
1559 748 1733 798 LooA
1776 749 2030 798 suren
2078 751 2188 799 An.
2233 755 2439 799 aaa-ass
3287 736 3373 802 97

497 969 598 1043 ad
650 969 920 1043 horam
976 972 1277 1045 sextam
1351 970 1598 1044 omnis
1669 971 1995 1066 populus
2066 969 2354 1045 transit
2415 993 2551 1067 per
2615 994 2855 1044 unum
2921 970 3206 1046 ostium
3260 970 3380 1046 in-

495 1098 714 1169 trans
768 1115 906 1189 per
961 1093 1333 1168 alterum:
1390 1117 1526 1191 per
1579 1095 1912 1169 alterum
1990 1094 2381 1191 perexiens
2411 1086 2459 1186 ¹,
2518 1095 2882 1190 quoniam
2936 1095 3081 1171 hoc
3143 1096 3226 1169 in
3288 1117 3380 1172 eo

496 1218 663 1292 loco
717 1218 832 1309 fit,
887 1217 972 1291 in
1027 1240 1178 1313 quo
1233 1219 1499 1314 pridie,
1557 1218 1636 1291 id
1691 1222 1811 1294 est
1871 1219 2145 1315 quinta
2200 1219 2421 1314 feria,
2478 1220 2770 1294 oblatio
2827 1221 3034 1295 facta
3087 1223 3228 1295 est.
3275 1219 3384 1295 At

501 1343 634 1417 ubi
688 1365 861 1419 cum
916 1347 1137 1418 sexta
1189 1344 1379 1418 hora
1434 1365 1513 1418 se
1567 1344 1855 1436 fecerit,
1915 1345 2022 1419 sic
2076 1346 2239 1418 itur
2294 1347 2478 1419 ante
2537 1343 2881 1437 Crucem,
2921 1345 3084 1421 sive
3119 1344 3386 1441 pluvia

497 1467 659 1542 sive
712 1469 922 1541 estus
976 1468 1119 1555 sit;
1177 1467 1362 1563 quia
1398 1466 1559 1563 ipse
1595 1468 1813 1543 locus
1867 1468 2341 1544 subdivanus
2384 1471 2525 1559 est,
2566 1468 2644 1542 id
2682 1472 2801 1544 est
2838 1468 3056 1564 quasi
3095 1470 3382 1543 atrium

502 1590 728 1667 valde
763 1591 1053 1688 grande
1088 1594 1170 1667 et
1205 1591 1611 1687 pulchrum
1652 1592 1864 1684 satie,
1904 1592 2110 1689 quod
2147 1595 2265 1668 est
2299 1593 2505 1668 inter
2541 1592 2776 1668 Oruce
2814 1596 2895 1668 et
2931 1587 3386 1670 Anastase²=

503 1714 616 1790 ibi
669 1738 850 1812 ergo
905 1716 1153 1790 omnis
1208 1716 1534 1812 populus
1573 1738 1655 1792 se
1704 1717 2036 1812 colliget,
2077 1717 2190 1822 ita
2226 1720 2319 1791 ut
2354 1738 2496 1793 nec
2532 1717 2816 1813 aperiri
2841 1709 2869 1752 ⁸
2904 1718 3168 1814 possit.
3208 1718 3386 1813 Epi·

503 1862 728 1936 scopo
785 1843 1047 1916 autem
1103 1840 1469 1915 cathedra
1521 1841 1837 1936 ponitur
1891 1843 2073 1916 ante
2129 1840 2409 1916 Cruce:
2468 1846 2550 1916 et
2603 1840 2698 1915 de
2752 1844 2967 1916 sexta
3004 1864 3247 1936 usque
3286 1842 3386 1915 ad

504 1986 710 2039 nona
767 1964 981 2038 aliud
1033 1964 1226 2038 nihil
1281 1965 1395 2057 fit,
1452 1965 1599 2039 nisi
1654 1966 2019 2061 leguntur
2061 1955 2434 2040 lectiones
2443 1965 2615 2039 ‚sict
2659 1964 2739 2038 id
2777 1968 2915 2057 est,
2951 1967 3066 2039 ita
3103 1966 3391 2062 legitur

507 2089 798 2184 primus
853 2088 947 2164 de
999 2089 1336 2184 psalmis,
1395 2089 1856 2186 ubicumque
1911 2089 2006 2163 de
2059 2089 2412 2184 passione
2460 2087 2769 2162 Domini
2805 2089 3135 2185 legitur;
3179 2092 3262 2164 et
3297 2089 3392 2164 de

508 2213 855 2309 apostolo
911 2213 1074 2289 sive
1128 2213 1222 2289 de
1276 2213 1621 2308 epistolis
1658 2213 2209 2309 apostolorum,
2248 2213 2376 2289 vel
2412 2212 2506 2287 de
2544 2212 3001 2304 actionibus,
3039 2212 3391 2287 ubicum-

509 2358 658 2432 que
712 2337 807 2412 de
859 2335 1207 2433 passione
1261 2337 1571 2411 Domini
1625 2337 2021 2444 dixerunt,
2078 2357 2216 2411 nec
2249 2357 2408 2410 non
2444 2336 2538 2411 de
2574 2334 2989 2431 evangeliis
3025 2335 3393 2429 leguntur

508 2462 698 2551 loca,
753 2461 889 2536 ubi
943 2462 1279 2557 patitur:
1336 2461 1528 2537 item
1573 2461 1861 2558 legitur
1919 2461 2013 2538 de
2061 2462 2478 2558 prophetiS,
2517 2461 2655 2535 ubi
2689 2483 3095 2557 passurum
3131 2461 3392 2535 Domi-

509 2609 701 2658 num
755 2585 1160 2660 dixerunt:
1217 2585 1409 2660 item
1462 2585 1749 2681 legitur
1803 2584 1897 2661 de
1954 2586 2396 2681 evangeliis,
2469 2585 2604 2658 ubi
2677 2586 3105 2679 passionem
3180 2583 3390 2660 dicit.

512 2709 625 2785 Ac
678 2710 785 2786 sic
839 2731 1020 2806 ergo
1078 2711 1180 2784 ab
1233 2712 1426 2785 hora
1480 2713 1700 2784 sexta
1753 2733 1992 2805 usque
2062 2710 2160 2784 ad
2222 2710 2494 2783 horam
2565 2730 2849 2783 nonam
2924 2731 3218 2805 semper
3289 2707 3396 2782 sic

526 2833 889 2930 leguntur
924 2835 1313 2925 lectiones,
1355 2837 1495 2908 aut
1537 2834 1898 2909 dicuntur
1933 2833 2171 2933 ymni,
2212 2836 2304 2907 ut
2339 2832 2792 2908 ostendatur
2836 2833 3045 2907 omni
3090 2831 3395 2929 popu10‚

524 2959 707 3054 quia
760 2957 1119 3055 quicquid
1174 2958 1534 3034 dixerunt
1587 2960 2006 3054 prophetae
2060 2958 2413 3032 futurum
2486 2956 2581 3033 de
2650 2957 3000 3053 passione
3064 2955 3397 3048 Domini,

521 3081 973 3158 ostendatur
1026 3085 1191 3157 tam
1246 3105 1383 3179 per
1439 3082 1839 3179 evangelia
1878 3106 2110 3178 quam
2153 3082 2389 3158 etiam
2430 3103 2565 3176 per
2602 3082 3127 3177 apostolorum
3162 3080 3395 3176 scrip·

522 3210 740 3281 turas
769 3207 1059 3281 factum
1099 3227 1279 3282 esse.
1317 3206 1422 3281 Et
1457 3208 1564 3282 sic
1603 3228 1737 3302 per
1772 3207 1946 3281 illas
1983 3209 2140 3281 tres
2178 3206 2406 3280 horas
2445 3205 2761 3280 docetur
2786 3206 3113 3302 populus
3151 3204 3399 3279 omnis

518 3332 714 3405 nihil
767 3332 1063 3408 factum
1116 3353 1302 3424 esse,
1361 3333 1566 3429 quod
1620 3354 1775 3406 non
1828 3332 2041 3428 prius
2096 3331 2387 3405 dictum
2438 3330 2564 3421 sit,
2603 3333 2685 3405 et
2720 3330 2914 3405 nihil
2952 3330 3243 3405 dictum
3280 3331 3403 3405 est

520 3458 603 3530 et
655 3455 859 3551 quod
914 3478 1068 3531 non
1122 3459 1381 3531 totum
1435 3457 1900 3552 completum
1954 3456 2080 3529 sit.
2131 3453 2143 3545 Ι
2193 3454 2507 3550 Semper
2570 3454 3169 3550 interponuntur
3225 3474 3397 3528 ora-

519 3581 795 3671 tiones,
851 3602 1049 3677 quae
1103 3581 1490 3656 orationes
1545 3583 1628 3655 et
1677 3581 1887 3676 ipsae
1942 3582 2172 3676 aptae
2227 3578 2382 3652 diei
2434 3580 2641 3653 sunt.
2681 3576 2803 3651 Ad
2857 3578 3197 3674 singulas
3264 3599 3403 3650 au-

521 3708 679 3779 tem
735 3704 1098 3780 lectiones
1154 3708 1237 3779 et
1291 3706 1678 3780 orationes
1730 3707 2002 3780 tantus
2059 3704 2377 3778 affectus
2432 3706 2514 3778 et
2565 3703 2896 3799 gemitus
2949 3703 3195 3777 totius
3268 3723 3402 3798 po-

522 3826 688 3922 puli
740 3831 883 3917 est,
939 3831 1033 3901 ut
1084 3827 1367 3901 mirum
1402 3829 1545 3903 sit:
1585 3852 1766 3902 nam
1802 3827 2062 3902 nullus
2103 3830 2223 3903 est
2258 3848 2508 3924 neque
2547 3828 2794 3902 maior
2829 3850 3076 3923 neque
3123 3827 3398 3918 minor,

525 3951 658 4046 qui
713 3951 793 4024 in
846 3951 983 4026 illa
1038 3952 1160 4027 die
1213 3952 1367 4026 illis
1423 3954 1673 4027 tribus
1728 3953 1935 4027 horis
1991 3955 2302 4026 tantum
2340 3952 2613 4048 ploret,
2653 3956 3030 4046 quantum
3067 3974 3205 4028 nec
3242 3951 3399 4025 exi-

433 4172 445 4182 ·
526 4075 823 4149 stimari
853 4079 1129 4172 potest,
1171 4077 1586 4151 Dominum
1620 4099 1757 4173 pro
1795 4077 2015 4150 nobis
2053 4096 2147 4149 ea
2180 4097 2488 4171 passum
2527 4073 2784 4149 fuisse.
2823 4074 3011 4149 Post
3047 4077 3194 4149 hoc
3228 4097 3403 4148 cum

527 4199 812 4292 ceperit
865 4220 944 4273 se
997 4197 1154 4272 iam
1208 4200 1398 4273 hora
1450 4222 1656 4274 nona
1705 4199 1976 4290 facere,
2033 4199 2320 4295 legitur
2373 4198 2529 4272 iam
2583 4198 2714 4273 ille
2766 4198 2978 4274 locus
3016 4198 3112 4274 de
3165 4220 3404 4274 evan-

527 4321 725 4416 gelio
781 4325 956 4397 cata
1010 4323 1457 4414 Iohannem,
1515 4323 1649 4397 ubi
1702 4321 2039 4397 reddidit
2092 4323 2487 4418 spiritum:
2567 4345 2719 4417 quo
2789 4323 3013 4413 lect0‚
3085 4324 3242 4398 iam
3315 4320 3409 4395 fit

531 4445 780 4520 oratio
836 4449 920 4520 et
972 4446 1228 4521 missa.
1283 4447 1420 4522 At·
1445 4448 1581 4521 ubi
1637 4450 1900 4522 autem
1955 4447 2185 4521 missa
2223 4446 2434 4520 facta
2481 4445 2718 4522 fuerit
2754 4446 2848 4520 de
2904 4449 3088 4522 ante
3144 4445 3405 4538 Cruce,

530 4570 798 4644 statim
852 4571 1111 4646 omnia
1162 4569 1245 4644 in
1301 4571 1614 4648 ecclesia
1668 4571 1959 4646 maiore
2014 4570 2113 4646 ad
2170 4570 2634 4667 Martyrium
2674 4573 3017 4667 aguntur
3053 4592 3168 4660 ea,
3210 4591 3410 4667 quae

698 4974 718 5011 ¹
752 4974 1000 5038 Ostium
1041 4985 1174 5039 erat
1212 4982 1593 5056 argenteum,
1635 4983 1706 5037 ut
1749 4996 1826 5037 ex
1863 4972 2218 5036 Breviario:
2268 4996 2298 5031 ι
2320 4971 2532 5034 Habet
2585 4972 2810 5035 ostium
2864 4978 3245 5050 argenteum,
3301 4967 3411 5032 ubi

536 5073 659 5135 fnit
695 5093 847 5135 crux
883 5075 1135 5135 Domini
1177 5075 1475 5154 exposita.
1502 5100 1534 5133 ι

696 5170 722 5207 ²
747 5171 998 5233 Atrium
1041 5172 1214 5252 (quin
1238 5173 1423 5234 immo
1464 5173 1588 5233 tria
1628 5172 1812 5251 atria)
1842 5176 1906 5232 et
1932 5170 2228 5250 porticus,
2271 5187 2427 5246 quae
2470 5167 2703 5247 duplici
2741 5166 2954 5228 ordine
2984 5166 3210 5227 atrium
3239 5184 3410 5227 exor-

537 5270 787 5344 nabant,
811 5270 888 5330 ab
930 5270 1200 5331 Eusebio
1239 5271 1515 5349 perbelle
1556 5268 1974 5331 delineantur:
2018 5266 2221 5329 omnia
2261 5267 2427 5328 enim
2465 5264 3074 5345 magnificentissime
3116 5264 3422 5326 Constan-

537 5366 709 5429 tinus
748 5366 1115 5446 perfecerat.
1630 5383 1639 5393 ·

696 5463 723 5500 ⁸
751 5464 1057 5537 Quoniam
1098 5483 1275 5526 sacer
1316 5463 1639 5527 Calvariae
1680 5463 2053 5525 monticulus
2096 5468 2231 5523 erat
2279 5460 2572 5522 cancellis
2628 5461 2945 5539 argenteis
2998 5458 3412 5522 circumdatus

539 5580 612 5623 ac
652 5567 888 5642 septus,
928 5561 1215 5640 intellige
1258 5561 1419 5624 ostia
1457 5581 1606 5641 prae
1646 5560 2042 5622 multitudine
2079 5559 2170 5620 ibi
2212 5558 2473 5621 collecta
2510 5558 2739 5638 aperiri
2774 5578 2900 5620 non
2937 5557 3239 5637 potuisse.

3131 5690 3199 5746 13
