4642 6650
1270 712 1357 779 84
2249 741 2303 785 3.
2351 740 2616 786 smvrm
2658 743 3153 789 Pnnnoanu‘rxo

1265 971 1531 1043 passus
1563 942 1608 1025 ¹.
1668 950 1899 1026 Sexta
1953 954 2074 1029 die
2127 955 2209 1028 in
2265 955 2496 1051 Syon.
2556 956 2894 1054 Septima
2948 959 3071 1033 die
3124 962 3205 1033 in
3242 961 3638 1038 Anastase.
3681 965 3967 1039 Octava
4005 967 4127 1042 die

1264 1075 1362 1147 ad
1418 1074 1757 1150 Crucem.
1818 1078 1928 1152 Ac
1980 1080 2085 1154 sic
2140 1102 2319 1176 ergo
2374 1104 2509 1177 per
2565 1086 2736 1157 octo
2793 1083 2951 1158 dies
3005 1084 3190 1159 haec
3245 1088 3489 1160 omnis
3536 1087 3864 1180 laetitia,
3920 1093 4001 1163 et
4061 1091 4127 1165 is

1263 1199 1631 1275 hornatus
1689 1203 2120 1277 celebratur
2173 1206 2253 1278 in
2309 1208 2659 1282 omnibus
2714 1208 2896 1283 locis
2949 1210 3253 1299 sanctis,
3323 1234 3511 1307 quos
3583 1214 3929 1309 superius
3982 1237 4123 1289 no·

1133 1328 1207 1385 60
1261 1325 1574 1399 minavi.
1632 1325 1721 1397 In
1777 1325 2170 1402 Bethleem
2231 1333 2491 1405 autem
2545 1353 2678 1426 per
2726 1331 2737 1422 Ι
2784 1336 2995 1407 totos
3049 1337 3220 1408 octo
3277 1335 3437 1410 dies
3485 1337 3762 1412 cotidie
3797 1340 3860 1411 is
3899 1361 4123 1414 orna-

1258 1453 1387 1523 tus
1441 1455 1599 1540 est;
1657 1455 1739 1525 et
1794 1452 1959 1548 ipsa
2013 1453 2315 1527 laetitia
2369 1456 2798 1530 celebratur
2851 1480 2898 1529 a
2950 1458 3387 1551 presbiteris
3425 1462 3505 1535 et
3542 1462 3638 1534 ab
3678 1464 3881 1536 omni
3920 1464 4120 1541 clero

1259 1576 1493 1669 ipsius
1547 1577 1715 1668 loci,
1775 1582 1858 1652 et
1911 1602 1959 1651 a
2013 1583 2528 1669 monazontes,
2575 1582 2709 1675 qui
2763 1582 2840 1653 in
2883 1583 3041 1677 ipso
3078 1582 3244 1657 loco
3283 1583 3633 1677 deputati
3669 1590 3874 1660 sunt.
3915 1587 4111 1660 Nam

1256 1703 1338 1774 et
1391 1701 1525 1774 illa
1579 1703 1791 1792 hora,
1851 1727 2003 1799 qua
2059 1726 2317 1778 omnes
2353 1708 2577 1779 nocte
2614 1706 2693 1777 in
2729 1705 3180 1778 Ierusolima
3218 1710 3714 1782 revertuntur
3750 1732 3923 1783 cum
3960 1712 4115 1805 epi-

1256 1847 1504 1920 scop0,
1563 1830 1750 1901 tunc
1803 1829 1950 1903 loci
2004 1830 2236 1923 ipsius
2291 1829 2667 1916 monachi,
2708 1830 3164 1926 quicumque
3210 1835 3414 1919 sunt,
3458 1856 3695 1929 usque
3732 1834 3828 1908 ad
3862 1835 4115 1909 lucem

1256 1950 1335 2021 in
1374 1951 1687 2025 ecclesia
1720 1952 1802 2025 in
1839 1952 2233 2027 Bethleem
2263 1953 2747 2047 pervigilant,
2779 1977 3049 2049 ymnos
3087 1977 3219 2028 seu
3258 1958 3715 2051 antiphonas
3745 1958 4113 2032 dicentes:

1257 2073 1439 2168 quia
1493 2075 1925 2169 episcopum
1981 2097 2278 2150 necesse
2333 2080 2452 2150 est
2490 2076 2625 2150 hos
2682 2077 2838 2151 dies
2893 2099 3187 2173 semper
3222 2079 3303 2149 in
3341 2078 3789 2152 Ierusolima
3827 2084 4110 2155 tenere.

1256 2199 1403 2273 Pro
1459 2200 1977 2289 sollemnitate
2034 2204 2296 2274 autem
2354 2205 2434 2274 et
2488 2201 2789 2275 laetitia
2843 2201 3077 2296 ipsius
3132 2202 3282 2276 diei
3331 2203 3678 2278 infinitae
3722 2206 3996 2281 turbae
4032 2230 4113 2282 30

1254 2324 1593 2419 undique
1649 2325 2010 2416 colligent
2065 2327 2144 2396 in
2198 2324 2667 2416 Ierusolima,
2725 2348 2877 2400 non
2933 2326 3180 2399 solum
3245 2331 3755 2419 monazontes,
3830 2330 3961 2402 sed
4034 2334 4115 2404 et

1254 2448 1428 2522 laici
1483 2448 1655 2539 viri,
1713 2451 1853 2522 aut
1906 2449 2288 2524 mulieres,

1414 2571 1608 2646 Sane
1665 2574 2289 2668 quadragesimae
2328 2572 2421 2647 de
2458 2565 2914 2668 epiphania²
2967 2574 3190 2649 valde
3245 2596 3418 2648 cum
3472 2597 3770 2649 summo
3824 2578 4112 2651 honore

1250 2695 1374 2768 hic
1403 2697 1907 2771 celebrantur.
1937 2696 2135 2770 Nam
2176 2697 2438 2771 eadem
2470 2697 2589 2771 die
2627 2698 2998 2791 processio
3035 2700 3154 2771 est
3189 2698 3269 2771 in
3306 2696 3696 2788 Anastase,
3744 2703 3824 2773 et
3851 2721 4112 2774 omnes

1249 2819 1692 2915 procedunt,
1751 2824 1832 2894 et
1886 2820 2146 2894 ordine
2206 2822 2545 2915 aguntur
2599 2820 2854 2893 omnia
2908 2842 3081 2894 cum
3135 2844 3432 2895 summa
3495 2822 3822 2913 laetitia,
3898 2844 3987 2897 00
4049 2823 4114 2896 31

1249 2964 1384 3037 per
1438 2944 1739 3037 pascha.
1798 2943 2208 3018 Predicant
2263 2946 2492 3017 etiam
2564 2966 2821 3018 omnes
2887 2946 3310 3039 presbiteri,
3388 2948 3469 3020 et
3540 2947 3647 3021 310
3719 2947 4112 3043 episcopus

1250 3088 1544 3160 semper
1599 3067 1692 3142 de
1746 3090 1835 3143 eo
1890 3069 2057 3143 loco
2112 3071 2540 3146 tractantes
2578 3070 2977 3163 evangelii,
3037 3069 3171 3142 ubi
3209 3069 3786 3165 quadragesima
3823 3070 3945 3144 die
3980 3077 4111 3145 tu·

1248 3191 1508 3265 lerunt
1561 3192 1973 3266 Dominum
2028 3193 2107 3265 in
2160 3194 2449 3288 templo
2504 3193 2772 3287 Ioseph
2816 3196 2897 3267 et
2934 3193 3198 3283 Maria,
3239 3197 3321 3269 et
3358 3194 3718 3269 viderunt
3754 3216 3929 3269 eum
3967 3194 4108 3289 Sy·

1249 3313 1472 3390 meon
1528 3317 1650 3392 vel
1704 3315 1928 3391 Anna
1981 3318 2459 3413 prophetissa
2514 3317 2672 3391 filia
2728 3317 3130 3408 Samuhel,
3198 3321 3280 3392 et
3333 3317 3425 3392 de
3480 3318 3730 3394 verbis
3805 3340 4106 3410 eorum,

1246 3464 1443 3537 quae
1499 3441 1857 3517 dixerunt
1909 3441 2073 3517 viso
2130 3442 2478 3531 DominO,
2536 3442 2660 3516 vel
2716 3441 2808 3516 (10
2862 3442 3249 3516 oblatione
3302 3442 3486 3538 ipsa,
3546 3466 3769 3537 quam
3807 3443 4107 3517 obtule·

1244 3568 1431 3638 runt
1461 3569 1840 3660 parentes,
1869 3565 1968 3638 Et
1994 3565 2478 3660 postmodum
2516 3564 2913 3639 celebratis
2951 3565 3300 3638 omnibus
3340 3586 3469 3658 per
3508 3565 3870 3654 ordinem,
3902 3588 4099 3661 quae

1246 3689 1794 3776 consuetudine
1847 3691 2052 3780 sunt,
2110 3692 2447 3783 aguntur
2500 3690 2998 3775 sacramenta,
3057 3690 3139 3761 et
3191 3688 3297 3760 sic
3350 3687 3442 3761 fit
3495 3687 3745 3762 missa.

1405 3813 1601 3886 Item
1658 3813 1818 3888 dies
1870 3814 2204 3907 pascales
2261 3835 2434 3888 cum
2488 3813 2859 3900 venerint,
2919 3812 3402 3885 celebrantur
3467 3815 3594 3886 sic.
3650 3811 3852 3885 Nam
3906 3812 4104 3885 sicut

1245 3938 1448 4031 apud
1505 3960 1642 4011 nos
1696 3938 2318 4033 quadragesimae
2375 3940 2557 4011 ante
2611 3936 2890 4032 pascha
2943 3936 3500 4015 attenduntur:
3558 3936 3673 4009 ita
3735 3936 3860 4009 hic
3931 3939 4103 4010 octo

1245 4065 1706 4159 septimanae
1762 4062 2270 4136 attenduntur
2328 4065 2509 4136 ante
2546 4061 2847 4157 pascha.
2889 4060 3305 4155 Propterea
3352 4063 3615 4134 autem
3654 4064 3825 4134 octo
3874 4059 4103 4153 septi·

1242 4209 1515 4262 manae
1552 4187 2084 4278 attenduntur,
2126 4187 2306 4283 quia
2345 4185 2738 4261 dominicis
2797 4185 3064 4260 diebus
3120 4187 3200 4260 et
3253 4185 3575 4258 sabbato
3613 4206 3769 4258 non
3812 4182 4100 4257 ieiuna-

1404 4459 1420 4494 ¹
1466 4459 1807 4538 Lazarium,
1851 4460 1985 4522 sive
2026 4461 2376 4540 sepulcrum
2415 4460 2634 4521 Lazari
2673 4459 2741 4521 in
2780 4457 3103 4521 Bethania.
3146 4457 3294 4525 Itin.
3336 4457 3526 4518 Burd.
3561 4479 3593 4514 ‹
3615 4456 3773 4519 Inde
3800 4455 3881 4517 ad
3909 4455 4102 4517 orien-

1242 4563 1369 4618 tem
1408 4577 1628 4636 passus
1666 4558 1836 4619 mille
1877 4558 2248 4637 quingentos
2289 4565 2390 4619 est
2428 4558 2595 4634 villa,
2638 4577 2791 4635 quae
2834 4556 3181 4635 appellatur
3218 4555 3542 4617 Bethania.
3583 4554 3683 4616 Ibi
3726 4561 3825 4616 est
3864 4562 4099 4633 crypta,

1238 4657 1345 4717 ubi
1385 4657 1656 4718 Lazarus
1696 4658 1937 4735 positus
1978 4656 2115 4735 fuit,
2160 4677 2342 4734 quem
2383 4656 2712 4718 suscitavit
2750 4656 3067 4716 Dominus.
3096 4678 3127 4713 »
3173 4654 3257 4714 Et
3297 4651 3590 4715 Arculfus
3630 4653 3696 4713 in
3723 4652 4099 4727 Adamnano,

1239 4754 1346 4815 lib.
1375 4755 1411 4815 Ι
1438 4776 1570 4834 cap.
1598 4755 1856 4816 XXIV:
1902 4777 1934 4812 (ι
1959 4754 2300 4827 Quemdam
2339 4754 2682 4815 Bethaniae
2723 4753 3066 4832 campulum
3092 4771 3314 4829 magna
3342 4750 3639 4812 olivarum
3667 4750 3827 4811 silva
3854 4748 4099 4809 circum-

1240 4852 1453 4912 datum
1494 4853 1794 4929 visitavit,
1835 4853 1941 4913 ubi
1982 4852 2216 4930 grande
2259 4859 2359 4913 est
2397 4851 2852 4929 monasterium,
2895 4856 2958 4911 et
2999 4848 3252 4928 grandis
3293 4849 3552 4910 basilica
3591 4868 3779 4927 supra
3807 4846 3978 4907 illam
4006 4865 4101 4907 ae-

1240 4950 1485 5010 dificata
1525 4950 1896 5029 speluncam,
1938 4949 2015 5011 de
2056 4970 2175 5027 qua
2212 4950 2513 5011 Dominus
2555 4949 3027 5027 quatriduanum
3069 4946 3395 5008 suscitavit
3433 4947 3751 5006 Lazarum.
3783 4969 3814 5004 »

1397 5048 1422 5083 ²
1464 5048 1988 5126 Quadragesimae
2031 5049 2109 5110 de
2150 5048 2501 5127 Epiphania
2538 5068 2662 5108 non
2700 5046 2868 5109 aliud
2911 5053 3074 5119 sunt,
3138 5044 3261 5105 nisi
3322 5044 3457 5105 dies
3507 5042 4015 5121 quadragesimus
4062 5061 4099 5102 a

1238 5147 1462 5208 Natale
1501 5145 1750 5206 Domini
1781 5146 1971 5228 (quod
1998 5166 2068 5207 eo
2097 5153 2372 5224 tempore
2400 5145 2802 5224 Theophania
2830 5166 2867 5206 a
2897 5142 3152 5204 Graecis
3181 5142 3559 5223 vocabatur),
3586 5162 3704 5219 quo
3735 5140 3837 5201 die
3865 5138 4097 5201 fest-um

1237 5244 1696 5305 Purifioationis
1735 5245 1812 5306 V.
1855 5245 1941 5305 M.
1982 5243 2167 5305 hodie
2210 5244 2398 5305 etiam
2424 5244 2713 5332 ‘celebrat
2755 5242 3032 5303 ecclesia.
3075 5240 3211 5300 Hoc
3251 5237 3500 5318 festum,
3542 5238 3705 5317 quod
3743 5238 4096 5299 institutum

1238 5361 1376 5403 esse
1418 5350 1560 5403 ante
1601 5342 1911 5403 saeculum
1938 5341 2219 5419 quintum
2261 5361 2298 5401 a
2327 5340 2527 5402 doctis
2554 5340 2708 5401 viris
2731 5346 3013 5418 negatur,
3037 5337 3141 5400 vel
3166 5336 3233 5397 in
3259 5335 3512 5398 dubium
3531 5344 3805 5414 vocatur,
3835 5334 4097 5415 peranti-

1238 5458 1427 5517 quum
1466 5438 1919 5519 Hierosolymis
1958 5438 2155 5500 fuisse
2197 5438 2605 5517 agnoscimus.
2648 5436 2992 5517 Episcopus
3033 5434 3112 5496 de
3155 5433 3467 5512 evangelii
3527 5433 3681 5512 loco,
3735 5434 3842 5495 ubi
3894 5433 4096 5494 Lucas

1240 5536 1398 5617 (cap.
1426 5536 1514 5614 H,
1557 5557 1614 5598 v.
1657 5538 1736 5596 22
1779 5542 1844 5597 et
1883 5535 2078 5615 seqq.)
2118 5533 2602 5613 purificationem
2643 5537 3094 5608 commemorat,
3138 5530 3217 5592 ad
3255 5529 3549 5610 populum
3600 5529 4090 5593 concionabatur.
