4642 6650
1762 811 1853 856 m:
1899 811 2087 857 noem
2134 810 2412 857 sAuc'ms
3398 796 3520 860 131

806 1030 930 1122 (Β.
962 1053 1019 1106 6.
1053 1032 1370 1123 XVIII)
1410 1031 1627 1105 Mons
1682 1031 1986 1106 Thabor
2049 1031 2130 1105 iu
2183 1032 2432 1107 medio
2472 1031 2809 1108 Galileae
2855 1056 3119 1129 campo
3161 1034 3239 1106 iu
3274 1033 3525 1108 tribus

647 1155 957 1230 milibus
1020 1156 1370 1233 Manasse
1440 1150 1540 1232 ad
1603 1156 1914 1232 boream
1984 1179 2033 1230 a
2104 1157 2300 1230 mari
2377 1156 2752 1233 Cenereth
2817 1160 3079 1249 distat,
3155 1179 3247 1233 ex
3312 1159 3521 1233 omui

645 1286 866 1379 parte
918 1283 1323 1374 rotundus,
1363 1283 1729 1358 herbosus
1764 1282 1988 1358 valde
2027 1286 2107 1357 et
2142 1282 2481 1373 floridus,
2522 1284 2955 1360 altitudinis
2991 1287 3318 1381 triginta
3364 1289 3522 1361 sta·

646 1406 989 1481 diorum:
1042 1411 1314 1484 vertex
1367 1408 1527 1505 ipse
1589 1408 2034 1505 campestris
2098 1410 2180 1483 et
2240 1409 2578 1482 multum
2645 1401 3036 1501 amoenus,
3102 1410 3381 1507 viginti
3437 1415 3520 1486 et

643 1531 881 1607 trium
935 1533 1363 1608 stadiorum
1427 1534 1853 1630 spatiorum
1927 1533 2323 1623 dilatatuS,
2404 1534 2533 1608 ubi
2599 1535 2888 1630 grande
2964 1535 3515 1611 monasterium

643 1659 914 1755 grandi
968 1681 1271 1756 quoque
1325 1660 1523 1737 silva
1575 1659 2113 1751 circumdatur,
2152 1663 2310 1735 tres
2367 1660 2717 1736 ecclesias
2772 1661 3084 1753 habens,
3142 1686 3377 1736 unam
3433 1663 3515 1736 in

646 1794 878 1860 onore
930 1782 1241 1859 Domini
1298 1783 1741 1875 SalvatoriS,
1776 1784 2117 1881 reliquae
2158 1786 2424 1860 autem
2465 1785 2661 1859 duae
2715 1784 2798 1859 in
2853 1808 3085 1860 onore
3138 1786 3387 1883 Moysi
3440 1781 3523 1862 et

647 1906 881 1984 Elias.
939 1908 1181 1984 Locus
1232 1930 1415 1984 vero
1470 1909 1629 2005 ipse
1683 1929 1904 1982 muro
1959 1908 2253 1983 cinctus
2308 1931 2588 2004 magna
2641 1911 2898 2005 gestat
2954 1908 3319 1986 aedificia.

804 2034 1030 2127 (Per.)
1067 2033 1310 2109 Valde
1346 2037 1610 2110 autem
1647 2037 1763 2109 ast
1800 2034 2163 2110 excelsior
2217 2038 2301 2109 et
2350 2034 2581 2109 altior
2618 2058 2850 2131 quam
2884 2035 3221 2110 Hermon
3250 2026 3300 2127 ¹,
3339 2058 3522 2109 nam

647 2162 728 2233 et
781 2157 1076 2235 Galilea
1131 2161 1376 2233 omnis
1413 2164 1497 2234 et
1533 2160 1744 2233 Mare
1781 2159 2227 2256 Tyberiadis
2265 2160 2443 2235 inde
2482 2164 2842 2257 apparet:
2883 2164 3149 2240 contra
3203 2183 3283 2237 se
3338 2183 3519 2237 vero

645 2284 876 2381 positi
928 2288 1112 2360 sunt
1163 2287 1464 2361 montes
1516 2285 1849 2381 utrique.
1905 2284 1999 2359 In
2046 2284 2303 2360 Endor
2341 2289 2459 2360 est
2513 2285 2782 2360 domus
2840 2287 3364 2383 Pythonissae,
3422 2286 3521 2359 ad

647 2433 881 2506 quam
918 2409 1070 2484 fuit
1112 2410 1303 2484 Faul
1329 2403 1358 2446 ²
1394 2412 1643 2501 nocte,
1684 2409 1779 2484 de
1817 2433 1968 2506 qua
2007 2410 2229 2485 domo
2269 2410 2517 2485 adhuc
2552 2411 3058 2485 fundamenta
3095 2414 3390 2507 parent.
3428 2410 3520 2485 In

647 2532 1118 2629 Tyberyadis
1171 2532 1252 2607 in
1308 2555 1399 2609 eo
1453 2534 1619 2609 loco
1674 2556 1878 2609 nunc
1914 2533 2226 2609 ecclesia
2280 2534 2545 2625 est,⁴in
2599 2558 2754 2630 qua
2808 2534 3077 2608 domus
3133 2533 3285 2608 fuit
3338 2555 3519 2631 apo·

646 2657 1022 2734 stolorum
1075 2657 1336 2734 Iacobi
1388 2662 1471 2735 et
1505 2659 1892 2734 Iohannis.
1931 2658 2053 2732 Ibi
2087 2659 2325 2734 etiam
2360 2659 2568 2733 iusta
2610 2680 2820 2734 mare
2857 2658 3331 2756 Tyberyadis
3375 2662 3518 2749 est,

647 2805 873 2881 super
925 2787 1173 2880 quem‘
1206 2782 1580 2858 Dominus
1617 2783 2070 2859 ambulavit.
2108 2783 2201 2857 In
2238 2783 2773 2880 capharnaum
2801 2775 2829 2819 ³
2865 2788 3129 2860 autem
3165 2806 3256 2859 ex
3295 2784 3520 2859 domo

647 2909 1171 3005 apostolorum
1224 2909 1581 3006 principis
1635 2910 1948 2986 ecclesia
2003 2909 2211 2985 facta
2249 2912 2368 2986 est
2392 2902 2454 2999 ⁴;
2498 2910 2629 3006 qui
2667 2910 2994 3007 parietes
3023 2932 3266 3005 usque
3302 2909 3525 3004 hodie

649 3035 763 3110 ita
815 3038 1052 3128 stant,
1092 3036 1293 3113 sicut
1328 3035 1667 3111 fuerunt.
1704 3036 1823 3110 Ibi
1858 3036 2345 3133 paraliticum
2382 3037 2753 3111 Dominus
2791 3038 3127 3111 curavit:
3167 3035 3350 3110 illuc
3402 3038 3522 3110 est

647 3163 729 3236 et
782 3165 1194 3258 synagoga,
1251 3161 1333 3236 in
1369 3184 1522 3257 qua
1559 3161 1932 3236 Dominus
1970 3161 2545 3236 daemoniacum
2583 3161 2907 3251 curavit,
2949 3161 3049 3234 ad
3102 3183 3334 3258 quam
3387 3182 3522 3255 per

644 3286 928 3383 gradus
981 3288 1268 3363 multos
1334 3287 1819 3401 ascenditur;
1876 3309 2073 3385 quae
2125 3289 2491 3385 sinagoga
2544 3309 2637 3363 ex
2691 3287 3073 3385 lapidibus
3126 3287 3522 3384 quadratis

647 3416 766 3487 est
816 3412 1047 3489 facta.
1103 3412 1278 3488 Non
1332 3413 1559 3509 longe
1613 3415 1876 3487 autem
1930 3411 2108 3488 inde
2146 3416 2564 3489 cernuntur
2601 3413 2883 3509 gradus
2938 3413 3239 3509 lapidei,
3296 3416 3521 3509 super

647 3559 836 3634 quos
887 3536 1260 3614 Dominus
1314 3536 1562 3613 stetit.
1618 3537 1912 3614 Ibidem
1966 3560 2147 3613 vero
2183 3560 2411 3636 super
2464 3560 2674 3614 mare
2728 3541 2849 3612 est
2902 3561 3211 3635 campus
3248 3538 3520 3613 herbo·

647 3686 776 3738 sus
829 3664 1117 3740 habens
1153 3664 1462 3740 foenum
1499 3664 1686 3739 satis
1725 3666 1807 3740 et
1841 3665 2151 3739 arbores
2186 3664 2619 3760 palmarum
2654 3664 2966 3755 multas,
3005 3668 3086 3739 et
3130 3664 3335 3738 iusta
3389 3685 3518 3738 eas

647 3793 939 3887 septem
975 3790 1251 3882 fontes,
1290 3791 1425 3887 qui
1459 3789 1742 3885 singuli
1777 3790 2160 3865 infinitam
2195 3813 2477 3886 aquam
2516 3791 2911 3880 emittunt,
2939 3791 3023 3863 in
3061 3812 3212 3886 quo
3252 3812 3517 3886 campo

647 3912 1012 3989 Dominus
1040 3914 1133 3990 de
1169 3913 1503 4011 quinque
1538 3914 1862 4010 panibus
1900 3919 1982 3990 et
2017 3915 2311 3990 duobus
2347 3916 2678 4012 piscibus
2720 3915 3087 4012 populum
3116 3916 3436 3991 satiavit
3461 3907 3513 3988 ⁵.

647 4039 845 4115 Sane
879 4039 1234 4137 lapidem,
1270 4062 1498 4137 super
1533 4061 1759 4137 quem
1799 4040 2169 4115 Dominus
2207 4063 2482 4137 panem
2517 4041 2799 4138 posuit,
2829 4062 3031 4115 nunc
3067 4044 3187 4116 est
3222 4039 3514 4114 factum

648 4164 1037 4258 altarium,
1094 4164 1187 4241 de
1241 4187 1391 4262 quo
1446 4165 1698 4261 lapide
1753 4187 1908 4241 non
1952 4166 2241 4241 frustra
2277 4167 2569 4241 tollunt
2623 4166 3018 4242 venientes
3071 4188 3209 4262 pro
3264 4167 3517 4242 salute

810 4461 832 4499 ¹
870 4462 1170 4545 1611611196
1195 4470 1468 4527 montem
1494 4464 1858 4545 Thaborem,
1885 4466 2060 4529 66166
2087 4466 2405 4546 verticem,
2425 4462 2937 4565 quemadmodum
2961 4483 3013 4526 6.
3034 4463 3253 4541 Ρ6616,
3275 4461 3522 4526 scandit

806 4657 834 4695 ²
867 4657 973 4722 Ita
1008 4658 1205 4723 codex
1242 4680 1356 4742 pro
1397 4660 1563 4723 8661.
1617 4659 1831 4723 Endon·
1884 4658 2007 4723 fuit
2064 4681 2327 4741 1669666
2377 4662 2554 4725 61666
2601 4682 2642 4724 6
2693 4666 2901 4723 monte
2954 4658 3206 4721 Thabor
3257 4666 3522 4738 quatuor

647 4755 926 4820 millibus
965 4756 1128 4821 situs
1168 4758 1333 4822 61166
1370 4758 1813 4840 Scythopolim.
1854 4759 2193 4823 11666616
2232 4758 2487 4823 Aendor
2527 4767 2594 4823 et
2633 4759 2867 4821 Endor.

806 4852 833 4890 ⁸
872 4854 971 4916 De
1009 4853 1232 4917 horum
1272 4857 1687 4937 apostolorum
1715 4856 2021 4920 66616616
2001 4878 2068 4918 16
2094 4856 2428 4920 Tiberiade
2452 4856 2626 4920 nulla
2671 4855 2738 4918 in
2763 4848 3189 4936 scriptoribus,
3214 4855 3282 4916 ni
3313 4853 3517 4935 fallor,

647 4950 882 5015 mentio
927 4950 1261 5021 invenitur.
3045 5014 3049 5019 .

805 5052 835 5088 ⁴
874 5051 1217 5119 Ecclesiam
1256 5072 1309 5115 s.
1364 5052 1543 5116 Petri
1595 5053 1758 5116 vidit
1812 5053 2163 5118 Antoninus
2225 5076 2306 5118 m.
2361 5056 2440 5137 (6.
2483 5057 2589 5138 7):
2654 5076 2687 5114 ‹
2714 5053 3017 5118 Venimus
3078 5052 3146 5116 16
3198 5052 3518 5115 civitatem

653 5149 1102 5232 capharnaum,
1140 5152 1208 5215 16
1245 5151 1494 5217 domum
1531 5153 1701 5219 beati
1739 5154 1936 5231 Petri,
1977 5174 2135 5234 quae
2177 5162 2278 5217 est
2314 5154 2497 5217 modo
2534 5154 2795 5217 116611166
2822 5177 2877 5216 1.

807 5248 833 5284 ⁸
872 5247 1304 5313 ’1111664166416
1342 5251 1415 5313 Τ.
1445 5249 1509 5313 S.
1536 5270 1589 5312 6.
1617 5253 1736 5314 28.
1723 5273 1736 5287 ·
1779 5273 1815 5315 ‹
1842 5252 1943 5314 De
1981 5251 2274 5331 Magdalo
2313 5271 2516 5331 usque
2544 5251 2624 5313 ad
2663 5252 2984 5328 Birsabee‚
3013 5250 3174 5329 quod
3214 5250 3515 5331 interpre-

646 5351 817 5409 tatur
855 5354 1084 5426 uptam
1109 5348 1383 5428 fontan..
1424 5347 1620 5410 millia
1659 5348 1963 5428 quinque:
2003 5349 2113 5410 6111
2138 5348 2443 5412 Dominus
2485 5348 2773 5412 Christus
2800 5347 3142 5429 baptizavit
3181 5348 3512 5428 apostolos,

645 5444 755 5507 6111
796 5450 862 5509 et
901 5444 1211 5509 saturavit
1247 5445 1598 5527 populum...
1638 5447 1700 5508 A
1740 5455 1983 5529 septem
2008 5447 2285 5511 fontibus
2310 5467 2506 5526 usque
2533 5447 2600 5509 in
2622 5446 3054 5528 capharnaum
3082 5445 3279 5508 millia
3306 5445 3426 5508 duo
3456 5469 3513 5509 ›.

647 5541 966 5624 Amulfm,
1005 5542 1050 5606 1.
1089 5543 1179 5620 Π,
1228 5565 1281 5611 6.
1335 5547 1455 5608 22.
1510 5567 1544 5605 ‹
1575 5546 1834 5610 erbosus
1886 5553 1954 5609 et
2001 5546 2222 5628 planus
2269 5564 2521 5627 campus
2525 5591 2621 5609 .....
2675 5546 2744 5608 in
2792 5565 2911 5625 quo
2959 5543 3133 5607 66116
3184 5552 3517 5609 cernuntur

653 5639 937 5707 ”dificit
963 5666 1020 5704 1.
