4642 6650
1075 768 1166 815 VI.
1212 769 1304 814 mi:
1346 767 1543 813 PETRI
1588 765 1859 814 DrAcom
1902 767 2101 814 LIBRO
2146 784 2176 798 ·
2221 768 2311 813 DE
2356 768 2536 814 Locus
2583 767 2850 814 SANCTIS
2896 784 2927 799 ·
3208 772 3434 820 mvn

560 988 1160 1084 regrinationem
1235 986 1895 1083 Constantinopoli
1969 987 2424 1063 immoratae
2478 991 2560 1062 et
2621 991 3014 1065 retentae:
3089 990 3432 1065 studium

563 1154 952 1208 sacrorum
986 1132 1359 1208 librorum
1397 1133 1679 1207 acriter
1717 1133 2085 1208 colentes:
2147 1155 2406 1207 omnes
2442 1133 2740 1208 labores
2776 1133 3164 1230 religionis
3205 1157 3435 1210 causa

564 1275 1026 1351 sustinentes
1098 1278 1180 1352 et
1243 1275 1776 1372 despicientes:
1853 1274 2264 1371 Peregrina
2339 1296 2649 1372 corpore
2725 1275 3216 1368 validissimo,
3292 1298 3433 1352 nec

566 1420 817 1494 minus
874 1419 1111 1494 Silvia
1164 1442 1378 1495 soror
1431 1419 1713 1511 Rufini,
1772 1421 1904 1516 qui
1961 1423 2040 1495 et
2077 1419 2370 1496 viribus
2406 1418 2882 1494 firmissimus
2919 1420 3350 1495 habebatur
3377 1412 3429 1497 ¹.

567 1564 760 1653 Quid
817 1563 1140 1660 denique
1192 1564 1474 1637 mirum
1531 1563 1597 1635 si
1651 1585 1949 1637 summa
1987 1562 2067 1636 in
2103 1561 2513 1660 provinciis
2568 1562 3071 1638 orientalibus
3125 1562 3430 1659 utrique

566 1688 988 1783 auctoritas
1025 1706 1226 1780 fuiti
1266 1705 1537 1780 Omnia
1580 1705 1779 1779 sicut
1815 1727 1857 1779 e
1894 1705 2232 1780 tenebris
2272 1704 2371 1779 ad
2408 1706 2652 1780 lucem
2693 1706 3196 1813 deducuntur,
3232 1729 3432 1782 com-

566 1852 964 1952 paratione
1019 1850 1502 1927 confirmata:
1560 1850 2058 1947 quamobrem
2113 1872 2273 1940 nos,
2333 1850 2395 1925 si
2453 1850 2964 1948 Peregrinam,
3042 1833 3239 1950 quae
3309 1856 3433 1930 iti-

565 2015 752 2069 nera
787 2016 928 2067 sua
960 1993 1262 2089 'scriptis
1298 1991 1798 2088 consignavit,
1840 2014 1898 2066 s.
1940 1991 2256 2067 Silviam
2294 1991 2974 2085 fuisse-fateamur,
3025 1995 3088 2070 si
3129 1999 3431 2093 tempus

564 2135 1194 2233 peregrinationis
1234 2135 1436 2210 inter
1473 2156 1714 2209 annos
1756 2134 2105 2209 385-388
2147 2136 2272 2212 vel
2310 2136 2609 2211 circiter
2644 2139 3102 2230 statuamus„
3145 2139 3434 2214 nemini

568 2282 644 2356 in
703 2285 957 2357 errore
1010 2281 1300 2356 versari
1353 2281 1805 2356 videbimur.

1942 2711 2069 2786 VI.

789 2989 909 3060 DE
961 2990 1241 3061 PETRI
1290 2989 1699 3060 DIACONI
1750 2988 2035 3059 LIBRO
2069 3027 2158 3040 -
2191 2990 2311 3058 DE
2363 2987 2639 3059 LOCIS
2689 2989 3089 3060 SANCTIS
3124 3000 3249 3041 -’

730 3281 1016 3358 Studiis
1071 3284 1577 3383 geographiae
1634 3306 1889 3361 sacrae
1929 3287 2012 3360 et
2047 3283 2410 3382 liturgiae
2464 3303 2771 3380 operam
2828 3280 3044 3357 danti
3079 3304 3193 3375 ea,
3233 3303 3430 3380 quae

568 3423 880 3502 uberius
932 3449 1025 3501 ex
1079 3425 1699 3525 Peregrinatione
1761 3427 2057 3503 hauriri
2110 3428 2426 3526 possint,
2503 3426 2833 3501 libenter
2886 3427 3424 3523 relinquimus:

568 3574 635 3647 si
689 3570 891 3648 enim
948 3572 1185 3649 etiam
1236 3573 1432 3648 hanc
1466 3576 1768 3670 partem
1804 3573 2243 3670 perquirere
2280 3572 2629 3665 velimus,
2669 3592 3026 3645 veremur
3061 3594 3159 3648 ne
3194 3571 3430 3646 simus

569 3717 817 3792 certos
870 3715 1099 3790 huius
1154 3716 1651 3812 praefationis
1706 3716 1895 3791 fines
1953 3716 2609 3813 praetergressuri.
2669 3717 2761 3791 In
2813 3716 3040 3806 notis,
3110 3718 3202 3790 ut
3255 3737 3428 3790 con-

569 3882 845 3956 gruum
899 3858 1329 3951 videbatur,
1384 3860 1755 3935 nonnulla
1809 3861 2221 3960 posuimus,
2280 3861 2558 3956 quibus
2612 3859 3061 3957 praesertim
3133 3858 3432 3955 antiqui

568 4001 931 4099 temporis
984 4005 1173 4077 nota
1242 4002 1846 4079 confirmaretur.
1925 4004 2335 4100 Reliquum
2391 4006 2508 4080 est
2560 4006 2652 4078 ut
2707 4004 2798 4079 de
2851 4003 3065 4078 Petri
3116 4002 3431 4077 Diaconi

565 4146 788 4240 libro,
844 4169 1074 4242 quem
1109 4146 1491 4244 inscripsit
1522 4188 1615 4199 —
1653 4147 1764 4223 De
1798 4147 1981 4222 locis
2026 4146 2311 4222 sanctis
2349 4188 2440 4199 —
2478 4146 2721 4243 deque
2771 4147 3105 4223 editione
3131 4150 3429 4240 nostra,

569 4291 782 4367 cuius
818 4291 1423 4388 oportunitatem
1478 4291 1823 4388 superius
1879 4291 2599 4384 demonstravimus,
2654 4292 3034 4389 paulisper
3088 4315 3425 4389 agamus,

727 4435 802 4509 Is
858 4434 1268 4509 monachus
1320 4433 1476 4507 fuit
1528 4456 1666 4509 suo
1721 4437 2064 4531 tempore
2127 4434 2420 4529 doctus,
2496 4435 2927 4532 litterisque
2981 4435 3291 4511 vacavit
3347 4438 3430 4510 et

568 4577 798 4655 sacris
852 4580 934 4653 et
986 4576 1407 4652 historicis:
1465 4577 1870 4673 omnigena
1923 4577 2224 4673 scripsit
2279 4600 2452 4653 cum
2505 4579 2886 4676 rythmica
2949 4582 3120 4654 tum
3175 4579 3428 4654 soluta

569 4724 938 4815 oratione,
978 4744 1071 4798 ex
1108 4721 1383 4819 quibus
1416 4722 1667 4795 multa
1704 4725 2136 4818 supersunt.
2177 4722 2460 4797 Montis
2500 4722 2749 4797 Casini
2803 4723 3425 4799 bibliothecarius

567 4871 835 4962 bonuz,
893 4867 1183 4944 codices
1220 4870 1301 4943 et
1336 4866 1854 4941 instrumenta
1908 4866 2123 4964 legit,
2182 4868 2579 4964 disposuit,
2631 4870 2865 4964 atque
2899 4867 3425 4965 transumpsit,

570 5014 758 5090 adeo
812 5015 906 5087 ut
940 5011 1033 5087 de
1068 5010 1393 5086 historia
1437 5010 1896 5106 juribusque
1952 5010 2404 5087 monasterii
2459 5011 2577 5086 sui
2612 5011 2803 5086 bene
2844 5011 3164 5085 meritus
3201 5012 3430 5088 habe-

568 5158 806 5233 retur.
863 5155 1138 5230 Variae
1212 5154 1516 5250 quidem
1572 5153 1670 5228 ad
1725 5153 2204 5229 scribendum
2259 5178 2438 5229 eum
2493 5177 2764 5231 causae
2816 5158 3247 5249 moverunt,
3296 5176 3431 5230 cur

568 5300 908 5374 locorum
962 5302 1397 5372 sanctorum
1453 5295 2028 5392 descriptionem
2084 5296 2473 5372 monachis
2527 5298 3028 5394 proposuerit.
3083 5297 3426 5372 Primum

732 5621 752 5660 ¹
779 5613 879 5677 De
917 5610 1138 5676 Rufino
1178 5609 1492 5692 praefecto
1536 5609 1814 5673 Orientis
1855 5608 2001 5674 vide
2040 5609 2380 5674 'Pillemont
2418 5611 2484 5673 in
2521 5609 2809 5673 Arcadio.
