4642 6650
1190 777 1277 843 54
2176 798 2229 841 s.
2280 798 2338 841 s1
2348 797 2544 843 trun
2590 798 3084 844 Pannonium-10

1184 1018 1387 1091 bere.
1449 1015 1660 1089 Tunc
1717 1035 1896 1111 ergo
1955 1016 2430 1113 interrogavi
2487 1016 2656 1091 illos
2711 1021 3037 1109 sanctos,
3095 1019 3460 1115 quidnam
3497 1022 3697 1095 esset
3731 1020 3897 1107 hoc,
3939 1020 4073 1115 qui

1184 1140 1779 1237 responderunt:
1840 1141 1962 1215 hic
2017 1143 2312 1237 positus
2351 1146 2469 1217 est
2506 1146 2814 1217 sanctus
2852 1144 3150 1241 Moyses
3190 1147 3284 1219 ab
3326 1146 3637 1242 angelis,
3680 1148 4067 1242 quoniam,

1186 1270 1386 1343 sicut
1415 1269 1784 1363 scriptum
1815 1271 1954 1359 est,
1987 1269 2465 1364 sepulturam
2495 1269 2701 1343 illius
2740 1271 2999 1355 nullus
3037 1272 3431 1345 hominum
3468 1264 3677 1347 scit¹:
3714 1274 4070 1369 quoniam

1188 1397 1480 1470 certum
1544 1397 1666 1468 est
1721 1416 1895 1468 eum
1952 1394 2049 1468 ab
2107 1395 2399 1491 angelis
2458 1395 2689 1470 fuisse
2747 1397 3158 1492 sepultum.
3199 1398 3398 1472 Nam
3437 1399 3803 1473 memoria
3841 1399 4075 1488 illius,

1188 1518 1324 1592 ubi
1378 1519 1670 1613 positus
1725 1519 1849 1608 sit,
1906 1518 1988 1591 in
2042 1518 2267 1593 hodie
2324 1540 2480 1592 non
2536 1520 3012 1594 ostenditur:
3072 1522 3272 1596 sicut
3328 1522 3531 1596 enim
3568 1523 3788 1597 nobis
3827 1548 3874 1597 a
3913 1547 4074 1596 ma-

1190 1645 1500 1735 ioribuS‚
1534 1645 1663 1740 qui
1693 1645 1815 1719 hic
1852 1648 2324 1736 manserunt,
2366 1644 2500 1719 ubi
2537 1649 2926 1720 ostensum
2966 1649 3106 1738 est,
3152 1648 3266 1722 ita
3304 1650 3386 1722 et
3420 1671 3557 1722 nos
3605 1648 3821 1727 vobis
3860 1670 4074 1721 mon-

1193 1774 1560 1846 stramus:
1621 1770 1754 1865 qui
1812 1773 1891 1845 et
1946 1770 2086 1867 ipsi
2142 1772 2406 1845 tamen
2461 1771 2784 1851 maiores
2824 1772 2937 1845 ita
2976 1772 3120 1846 sibi
3157 1773 3533 1847 traditum
3573 1797 3619 1846 a
3657 1772 4076 1846 maioribus

1071 1918 1142 1976 43
1196 1897 1351 1972 suis
1383 1888 1577 1995 16336
1608 1896 1981 1971 dicebant.
2013 1896 2286 1992 Itaque
2327 1918 2507 1993 ergo
2546 1918 2722 1971 mox
2758 1896 2966 1973 facta
3005 1901 3123 1972 est
3160 1899 3434 1991 oratio,
3466 1903 3549 1974 et
3586 1900 3841 1975 omnia
3880 1921 4080 1995 quae

1195 2022 1277 2096 in
1329 2021 1648 2117 singulis
1701 2021 1885 2096 locis
1941 2023 2221 2096 sanctis
2276 2044 2413 2119 per
2466 2023 2810 2099 ordinem
2851 2046 3482 2100 consueveramus
3524 2025 3795 2115 facere,
3836 2027 4077 2099 etiam

1198 2149 1280 2222 et
1331 2145 1455 2220 hic
1511 2146 1717 2220 facta
1769 2149 1986 2220 sunt:
2046 2150 2127 2221 et
2180 2146 2285 2221 sic
2341 2148 2680 2243 cepimus
2737 2148 3094 2243 egredere
3152 2149 3243 2225 de
3301 2150 3636 2225 ecclesia.
3680 2150 3889 2225 Tunc
3944 2173 4081 2223 au-

1194 2274 1355 2347 tem
1410 2272 1543 2366 qui
1597 2275 1821 2346 erant
1872 2271 2021 2346 loci
2076 2274 2410 2364 notores,
2455 2272 2532 2345 id
2588 2276 2707 2348 est
2761 2273 3161 2368 presbiteri
3216 2274 3339 2350 vel
3398 2274 3751 2349 monachi
3810 2273 4079 2364 sancti,

1201 2394 1458 2469 dixere
1496 2396 1746 2470 nobis:
1788 2394 1853 2470 si
1892 2396 2127 2471 vultis
2167 2396 2425 2472 videre
2452 2399 2643 2488 loca,
2676 2420 2872 2495 quae
2910 2399 3192 2493 scripta
3231 2401 3413 2472 sunt
3449 2398 3530 2471 in
3564 2397 3780 2472 libris
3813 2396 4083 2493 Moysi,

1198 2519 1534 2595 accedite
1591 2519 1796 2594 foras
1853 2520 2192 2594 hostium
2250 2523 2634 2612 ecclesiae,
2696 2525 2777 2598 et
2832 2522 2924 2596 de
2978 2523 3425 2596 summitate
3481 2524 3668 2617 ipsa,
3715 2544 3808 2596 ex
3862 2522 4087 2618 parte

1140 2733 1149 2741 ,
1200 2649 1466 2721 tamen
1496 2648 1587 2719 ut
1625 2647 1931 2741 possitis
1967 2646 2145 2721 hinc
2182 2668 2471 2742 parere,
2514 2647 2895 2723 attendite
2936 2650 3017 2722 et
3056 2647 3344 2723 videte:
3386 2651 3467 2721 et
3505 2647 3823 2722 dicimus
3872 2645 4087 2721 vobis

1204 2770 1535 2866 singula,
1594 2792 1792 2867 quae
1845 2773 2029 2845 sunt
2082 2770 2251 2845 loca
2305 2774 2516 2862 haec,
2565 2795 2762 2869 quae
2817 2775 3114 2869 parent.
3156 2772 3368 2847 Tunc
3403 2795 3543 2847 nos
3591 2772 3835 2868 gavisi
3875 2771 4088 2859 satis,

1207 2895 1479 2970 statim
1533 2888 1808 2991 egressi
1867 2919 2130 2970 sumus
2186 2897 2415 2971 foras.
2456 2896 2656 2971 Nam
2695 2897 2789 2973 de
2825 2898 3078 2972 hostio
3137 2897 3371 2997 ipsius
3427 2898 3784 2973 ecclesiae
3811 2890 3838 2932 ²
3897 2896 4094 2971 vidi·

1210 3045 1383 3095 mus
1409 3021 1685 3111 locum,
1724 3022 1859 3096 ubi
1897 3022 2142 3095 intrat
2178 3021 2524 3097 Iordanis
2563 3023 2644 3096 in
2682 3044 2893 3097 mare
2932 3025 3363 3096 mortuum:
3406 3023 3537 3117 qui
3574 3023 3784 3096 locus
3824 3021 4096 3095 subter

1211 3169 1373 3237 nos,
1432 3169 1661 3241 quem
1702 3147 1799 3220 ad
1838 3148 2149 3222 modum
2191 3148 2608 3240 stabamus,
2650 3148 2989 3243 parebat.
3031 3147 3375 3220 Vidimus
3416 3146 3656 3223 etiam
3695 3147 3788 3221 de
3827 3148 4099 3221 contra

1213 3294 1368 3348 non
1421 3273 1670 3347 solum
1707 3271 2125 3364 Libiadam,
2165 3294 2363 3369 quae
2401 3272 2597 3349 circa
2632 3272 3036 3348 Iordanem
3077 3274 3267 3362 erat,
3300 3272 3429 3347 sed
3467 3275 3547 3347 et
3583 3271 3899 3362 Iericho,
3943 3292 4095 3367 que

1215 3400 1431 3472 trans
1484 3397 1885 3473 Iordanem
1932 3401 2241 3471 tantum
2298 3399 2707 3489 eminebat,
2766 3400 3105 3473 excelsus
3140 3399 3345 3472 locus
3385 3397 3517 3470 ubi
3555 3397 3972 3486 stabamuS,
4013 3395 4092 3469 id

1217 3525 1335 3597 est
1371 3526 1552 3598 ante
1587 3522 1928 3598 hostium
1965 3522 2346 3598 ecclesiae.
2386 3524 2721 3597 Maxima
2757 3524 2994 3597 etiam
3034 3546 3208 3619 pars
3246 3522 3702 3612 Palestinae,
3727 3541 3939 3617 ‘quae
3982 3522 4103 3594 est

1217 3650 1428 3723 terra
1453 3647 2076 3744 repromissioniS,
2099 3646 2274 3722 inde
2303 3647 2733 3738 videbatur,
2753 3669 2890 3722 nec
2921 3669 3074 3722 non
3103 3650 3183 3721 et
3211 3646 3455 3720 omnis
3483 3649 3693 3721 terra
3722 3644 4095 3731 IordaniS,

1220 3766 1717 3869 in'quantum
1753 3775 2015 3847 tamen
2052 3774 2359 3868 poterat
2398 3773 2634 3847 oculis
2669 3772 3018 3868 conspici.
3060 3771 3151 3844 In
3187 3771 3496 3846 sinistra
3534 3772 3793 3845 autem
3833 3760 4101 3867 parte⁸

1386 4052 1404 4087 ¹
1438 4073 1471 4110 ‹
1492 4050 1721 4113 Nullus
1760 4050 2075 4111 hominum
2117 4041 2239 4112 scit
2261 4074 2293 4109 ›
2342 4050 2529 4112 Deut.
2572 4050 2886 4130 XXXIV,
2932 4051 2988 4110 ὅ.

1384 4147 1408 4185 ¹
1435 4149 1635 4210 Frons
1678 4147 1977 4209 ecclesiae
2021 4147 2101 4209 ad
2143 4148 2297 4209 solis
2327 4167 2609 4210 occasum
2637 4148 3033 4209 vertebatur:
3063 4146 3231 4225 inde,
3264 4168 3298 4210 6
3328 4146 3654 4227 supercilio
3682 4144 3951 4225 Phasga,
3979 4145 4116 4207 sive

1226 4250 1288 4312 N
1291 4250 1424 4326 ebo,
1464 4248 1795 4310 Iordanem
1823 4248 1889 4309 in
1915 4267 2083 4308 mare
2123 4254 2431 4309 mortuum
2474 4268 2541 4309 se
2569 4247 2819 4326 inferre,
2848 4247 3032 4309 sicuti
3062 4248 3280 4309 subtus
3311 4253 3496 4323 esset,
3526 4245 3855 4324 peregrina
3880 4244 4118 4324 conspi-

1228 4347 1449 4422 ciebat,
1493 4366 1527 4406 e
1568 4352 1780 4407 contra
1820 4353 2028 4407 autem
2069 4345 2286 4406 Libias
2331 4351 2395 4406 et
2432 4344 2688 4406 Hierico
2732 4346 3045 4406 extabant.

1382 4444 1407 4481 ³
1433 4444 1727 4523 Intellige
1768 4452 2009 4523 partem
2049 4442 2403 4520 australem,
2446 4463 2566 4520 (1116
2604 4443 2768 4504 vidit
2796 4446 2985 4504 etiam
3015 4443 3227 4521 Segor‚
3259 4462 3418 4520 quae
3460 4441 3631 4504 dicta
3670 4442 3832 4503 Zoar
3873 4439 3998 4502 fuit
4039 4440 4124 4502 ci·

1228 4544 1394 4607 vitas
1433 4542 1701 4605 Arabiae
1742 4543 2007 4604 Petreae
2051 4541 2321 4624 (Ioseph.
2367 4542 2526 4604 Bell.
2571 4542 2708 4604 Iud.
2739 4543 2780 4603 1.
2809 4543 2922 4620 IV,
2953 4563 3005 4604 6.
3036 4545 3161 4623 27),
3194 4542 3276 4604 ad
3317 4561 3483 4603 mare
3524 4548 3834 4604 mortuum
3876 4539 4121 4622 (Steph.

1229 4644 1381 4722 Byz.
1425 4643 1505 4703 ad
1544 4662 1602 4702 v.
1637 4642 1865 4733 Ζοάρα)
1900 4661 1977 4703 ex
2017 4639 2281 4719 quinque
2311 4640 2672 4702 civitatibus
2703 4641 3158 4703 Sodomitarum
3188 4641 3323 4702 sola
3348 4647 3668 4702 reservata
3697 4640 3896 4720 (Hier.
3939 4639 4121 4700 Nom.

1231 4742 1426 4803 Hebr.
1469 4741 1568 4803 ad.
1610 4761 1668 4802 v.
1713 4740 1934 4819 Segor:
1982 4761 2014 4796 ‹
2037 4759 2193 4816 quae
2233 4758 2429 4816 usque
2455 4758 2614 4799 nunc
2644 4739 2994 4802 ostenditur
3016 4740 3112 4820 »):
3142 4736 3524 4816 praesidium
3553 4736 3819 4797 militum
3845 4743 4124 4814 tempore

1233 4840 1468 4903 romani
1509 4840 1752 4920 imperii
1791 4839 2027 4917 habuit,
2069 4858 2182 4900 nec
2221 4858 2346 4900 non
2400 4840 2614 4901 sedem
2670 4839 3083 4918 episcopalem
3141 4837 3254 4918 (Le
3295 4836 3501 4909 Quien
3560 4835 3663 4896 Or.
3728 4834 3958 4896 Christ.
4000 4835 4125 4910 III,

1234 4961 1294 5021 p.
1340 4940 1502 5019 738).
1546 4938 1643 4999 De
1685 4938 1818 4999 61116
1858 4936 2209 4999 ubicatione
2252 4944 2316 4997 et
2355 4937 2553 4999 ruinis
2588 4937 2770 4998 valde
2802 4937 3197 5015 disputarunt
3237 4933 3358 4996 viri
3389 4932 3574 5011 docti,
3607 4932 3711 5010 qui
3739 4931 3871 4994 fere
3915 4952 4129 4994 omnes

1236 5039 1422 5101 sitam
1460 5037 1661 5098 fuisse
1686 5036 2065 5097 arbitrantur
2091 5035 2171 5096 ad
2207 5043 2550 5097 extremum
2587 5056 2754 5097 mare
2799 5033 3269 5114 Asphaltitidi3‚
3311 5054 3381 5094 ac
3424 5032 3479 5093 si
3508 5031 3710 5110 ipsum
3752 5050 3918 5091 mare
3962 5036 4134 5092 esset

1238 5137 1402 5198 inter
1441 5135 1735 5196 Hiericho
1779 5142 1842 5196 et
1885 5136 2148 5195 Zoaram
2188 5135 2442 5215 (Euseb.
2487 5154 2539 5194 ο.
2571 5154 2621 5195 6.
2654 5134 2734 5195 ad
2760 5154 2818 5194 v.
2863 5134 3218 5217 θαλάσσα).
3266 5132 3500 5193 Verum
3544 5130 3599 5190 si
3643 5150 3677 5190 e
3718 5128 3893 5190 Nebo
3938 5128 4135 5206 Segor

1241 5237 1753 5315 conspiciebatur,
1794 5235 1860 5295 in
1902 5233 2160 5295 australi
2200 5233 2390 5295 maris
2434 5232 2837 5295 extremitate
2874 5239 3084 5294 extare
3124 5252 3247 5293 non
3274 5231 3552 5309 potuisse
3579 5250 3835 5292 necesse
3864 5231 3982 5291 est.
4012 5228 4137 5290 861-

1245 5356 1382 5398 mus
1424 5356 1460 5397 e
1502 5334 1736 5396 vertice
1776 5334 1954 5395 Nebo
1995 5331 2328 5393 Dominum
2354 5332 2562 5410 Moysi
2592 5338 2821 5392 terram
2848 5330 3277 5409 promissionis
3305 5350 3500 5408 usque
3543 5329 3740 5408 Segor
3781 5328 4133 5390 ostendisse

1248 5435 1457 5516 (Dent.
1501 5433 1812 5509 XXXIV,
1856 5434 1952 5513 3):
1995 5452 2107 5493 nec
2147 5451 2270 5493 non
2311 5451 2362 5492 s.
2405 5431 2663 5493 Paulam
2714 5451 2749 5492 e
2802 5430 3144 5510 supercilio
3203 5429 3458 5506 Caphar
3511 5431 3809 5489 Barucha
3857 5429 3950 5489 ita
4002 5447 4137 5489 con·

1246 5533 1609 5613 templatam
1648 5551 1788 5594 esse
1832 5529 2133 5609 Engaddi
2173 5538 2239 5592 et
2282 5530 2505 5610 Segor,
2547 5536 2620 5591 ut
2659 5530 2724 5590 in
2765 5529 2981 5591 eodem
3020 5529 3157 5608 ipso
3200 5534 3532 5608 conspectu
3573 5527 3769 5605 Segor
3806 5534 3976 5589 esset
4003 5545 4138 5589 con·

1246 5641 1348 5693 tra
1388 5630 1694 5711 Engaddi.
1739 5630 1956 5709 Neque
1999 5629 2190 5706 igitur
2236 5649 2492 5710 prorsus
2540 5627 2882 5691 refellenda
2931 5632 3031 5689 est
3080 5625 3283 5707 opinio
3331 5625 3525 5688 Ducis
3563 5625 3641 5686 de
3683 5625 3958 5705 Luynes,
4018 5622 4138 5684 viri
