4642 6650
1165 777 1291 847 132
2336 793 2535 840 rmm
2580 791 2858 841 01100111

2658 887 2758 895 ---—·-—

1163 1019 1329 1108 sibi,
1359 1021 1440 1094 et
1475 1017 1785 1113 prodest
1823 1016 2174 1092 omnibus
2204 1009 2249 1090 ¹.
2286 1016 2519 1092 quta
2554 1016 2768 1092 cuius
2805 1015 3162 1092 ecclesiae
3197 1015 3528 1113 parietes
3564 1015 3693 1092 via
3722 1014 4028 1110 publica

1163 1144 1467 1235 transit,
1526 1144 1660 1218 ubi
1713 1143 2104 1218 Mattheus
2150 1143 2542 1239 apostolus
2578 1143 3024 1218 theloneum
3079 1142 3377 1216 habuit.
3434 1142 3620 1217 Inde
3674 1142 3756 1215 in
3814 1163 4039 1215 mon·

1163 1273 1349 1361 tem,
1406 1268 1539 1365 qui
1591 1270 1811 1343 iuxta
1882 1271 2024 1359 est,
2079 1271 2198 1343 est
2258 1267 2640 1364 spelunca,
2697 1267 2779 1341 in
2832 1291 2986 1364 qua
3048 1267 3457 1343 ascendens
3509 1266 4029 1343 beatitudines

1164 1396 1358 1471 dixit
1411 1393 1766 1471 Salvator
1793 1388 1845 1469 2.
1882 1394 2059 1469 Non
2094 1394 2320 1490 longe
2357 1396 2621 1468 autem
2659 1393 2834 1469 inde
2870 1397 2989 1469 est
3026 1392 3455 1491 Synagoga,
3496 1414 3726 1491 quam
3766 1391 4028 1472 Salva·

1163 1524 1290 1595 tor
1345 1520 1779 1595 maledixit:
1835 1543 2016 1594 nam
2071 1542 2246 1595 cum
2299 1519 2668 1594 transiret
2723 1518 3101 1611 Salvator,
3141 1523 3222 1595 et
3256 1520 3472 1594 illam
3526 1520 3743 1595 Iudei
3796 1518 4029 1594 fabri-

1166 1649 1451 1739 carent,
1508 1645 2016 1741 interrogavit
2051 1668 2179 1720 eos
2218 1645 2516 1720 dicens:
2558 1644 2752 1732 Quid
2787 1644 3096 1720 facitis?
3134 1648 3216 1721 et
3268 1645 3423 1719 illi:
3466 1645 3681 1719 nihil.
3720 1644 3821 1720 Et
3875 1644 4045 1719 Do·-

1165 1771 1458 1846 minus:
1498 1793 1678 1866 ergo
1716 1770 1781 1844 si
1818 1770 2049 1845 nichil
2087 1774 2205 1845 est
2240 1769 2445 1867 quod
2473 1770 2747 1861 facitis,
2776 1770 2972 1844 nihil
3009 1770 3159 1845 erit
3194 1791 3517 1867 semper.
3550 1768 3764 1856 Quod
3791 1790 4049 1866 usque-

1164 1896 1390 1971 hodie
1445 1897 1558 1970 ita
1609 1897 2008 1991 permanet
2030 1884 2083 1969 ³.
2123 1893 2624 1970 Postmodum
2678 1893 2883 1968 enim
2938 1895 3291 1991 quotiens
3345 1887 3762 1970 voluerunt
3816 1894 4039 1974 illam-

1166 2021 1381 2098 Iudei
1434 2021 1830 2114 fabricare,
1869 2021 2230 2118 quicquid
2273 2043 2410 2118 per
2446 2020 2649 2096 diem
2702 2020 3110 2111 faciebant,
3167 2041 3302 2117 per
3337 2023 3642 2096 noctem
3678 2019 4026 2093 dirueba-

1166 2150 1321 2239 tur,
1378 2149 1460 2223 et
1512 2168 1738 2221 mane
1791 2168 2085 2243 semper
2132 2147 2212 2220 in
2249 2168 2343 2221 ea
2378 2168 2739 2222 mensura
2775 2145 3309 2221 inveniebatur
3365 2144 3655 2221 fabrica
3708 2144 3896 2235 eius,
3950 2145 4031 2218 in

1168 2294 1323 2368 qua
1375 2271 1634 2348 fuerat
1670 2274 1856 2346 tunc
1891 2270 2194 2367 quando
2231 2271 2641 2345 maledicta
2676 2273 2816 2347 est.
2856 2270 3044 2345 Inde
3080 2273 3344 2345 autem
3381 2292 3537 2345 non
3571 2269 3798 2365 longe
3854 2271 4035 2343 sunt

1166 2401 1466 2474 montes
1521 2398 1827 2489 6011100,
1886 2398 2020 2472 0111
2072 2403 2192 2473 est
2225 2398 2438 2473 vicus
2475 2396 2726 2473 Gebus
2751 2389 2802 2489 ⁴,
2843 2398 2972 2471 ubi
3011 2397 3298 2473 mortui
3351 2400 3535 2472 sunt
3573 2396 3755 2472 Saul
3792 2398 3873 2472 et
3909 2395 4032 2471 Io·

1166 2525 1472 2600 nathaS.
1528 2525 1620 2599 In
1673 2525 1959 2600 Iezrael
2014 2527 2279 2599 autem
2349 2525 2597 2615 vinea,
2657 2546 2805 2620 que
2878 2524 3030 2600 fuit
3105 2523 3440 2613 Naboth,
3497 2545 3699 2599 nunc
3753 2526 4035 2620 puteus

1165 2654 1478 2727 tantum
1531 2654 1687 2727 est:
1745 2652 1853 2726 ibi
1906 2654 1987 2726 et
2040 2650 2544 2727 fundamenta
2587 2652 2826 2726 turris
2879 2673 3120 2748 usque
3173 2650 3423 2726 hodie'
3452 2652 3849 2746 apparent.
3908 2647 4036 2724 Se·

1165 2777 1569 2874 pulchrum
1620 2799 1804 2853 vero
1857 2776 2155 2853 Iezabel
2217 2798 2463 2874 usque
2516 2777 2743 2853 hodie
2794 2777 2892 2852 ab
2948 2777 3299 2851 omnibus
3332 2775 3723 2873 lapidatur
3748 2768 3799 2849 ⁵.
3857 2774 4032 2850 Non

1170 2904 1394 2999 longe
1450 2905 1712 2977 autem
1766 2928 1816 2978 a
1868 2904 2183 2979 civitate
2250 2906 2373 2979 est
2442 2924 2684 2993 mons,
2743 2904 2823 2977 in
2885 2925 3036 3000 quo
3112 2902 3310 2979 sedit
3381 2902 3587 2978 Elias
3642 2904 4035 3000 propheta,

1171 3028 1476 3125 quando
1513 3049 1691 3102 eum
1719 3028 2319 3126 persequebatur
2355 3028 2678 3103 Iezabel.
2718 3027 2788 3102 A
2824 3029 3049 3125 longe
3087 3031 3349 3103 auter'n
3387 3031 3506 3103 est
3539 3050 3715 3125 pars
3755 3028 4038 3103 montis

1178 3152 1525 3242 Carmeli,
1581 3155 1699 3227 est
1751 3153 1986 3243 locus,
2045 3153 2179 3227 ubi
2213 3151 2421 3227 Elias
2460 3152 2706 3228 altare
2743 3152 3051 3227 Domini
3104 3153 3596 3229 consecravit.
3656 3146 4035 3243 Sebastia,

1173 3298 1371 3377 quae
1427 3278 1608 3353 olim
1666 3276 2011 3354 Samaria
2065 3277 2269 3354 dicta
2323 3280 2465 3370 est,
2522 3278 2865 3355 continet
2925 3278 3342 3371 ecclesiam,
3398 3279 3478 3355 in
3533 3283 3686 3376 qua
3738 3280 4046 3376 requie·

1174 3403 1317 3478 scit
1352 3424 1623 3501 corpus
1655 3403 1900 3478 sancti
1936 3403 2334 3499 Baptistae
2370 3403 2754 3495 Iohannis,
2794 3406 2875 3478 et
2908 3401 3221 3495 Heli’sei,
3259 3407 3341 3479 et
3375 3402 3669 3479 Abdiae
3695 3398 3747 3479 ⁶.
3786 3404 3877 3478 In
3913 3424 4030 3479 se·

1172 3529 1417 3603 cundo
1470 3531 1735 3604 autem
1788 3526 2115 3603 miliario
2162 3551 2381 3603 mons
2417 3531 2536 3604 est
2571 3527 3013 3621 altissimus,
3053 3529 3131 3604 in
3169 3551 3320 3625 quo
3376 3532 3560 3604 sunt
3612 3529 3811 3606 duae
3863 3552 4033 3627 spe·

1337 3768 1357 3805 ¹
1402 3768 1508 3832 Of.
1540 3770 1797 3850 Peregr.
1846 3790 1907 3850 p.
1955 3771 2076 3833 49:
2123 3792 2156 3830 ‹
2183 3768 2436 3834 Vadent
2481 3770 2571 3833 ibi
2612 3776 2680 3834 et
2716 3771 2942 3834 tollent
2989 3773 3287 3850 surculos,
3336 3779 3404 3835 et
3439 3772 3634 3853 prode
3692 3771 3825 3835 illis
3864 3779 3965 3836 est
3985 3796 4045 3835 ›.

1175 3869 1353 3944 Quod
1382 3869 1664 3951 sequitur
1697 3891 1730 3929 ‹
1756 3870 1929 3932 iuxta
1957 3870 2133 3933 cuius
2162 3871 2465 3933 ecclesiae
2489 3894 2522 3931 ›
2556 3871 2834 3933 ostendit
2855 3872 3180 3935 ecclesiam
3206 3871 3424 3952 fuisse,
3448 3871 3556 3934 ubi
3599 3872 3869 3965 positum
3909 3880 4045 3935 erat

1174 3970 1479 4049 altarium,
1521 3969 1685 4048 quod
1725 3990 1837 4049 pro
1878 3969 2077 4033 altare
2116 3990 2303 4051 saepe
2345 3971 2414 4033 in
2454 3970 2966 4049 Peregrinatione
3005 3978 3354 4051 usurpatur.

1333 4067 1359 4105 ²
1397 4067 1673 4130 Montem
1712 4066 1949 4130 indicat
1986 4087 2183 4149 prope
2224 4068 2658 4149 capharnaum
2697 4075 2762 4131 et
2800 4088 2970 4130 mare
3012 4064 3374 4147 Genezaret,
3416 4077 3480 4133 et
3527 4090 3631 4133 res
3687 4091 3827 4133 cum
3866 4089 4047 4133 evan·

1172 4165 1423 4246 gelistis
1462 4168 1621 4230 bene
1660 4166 1987 4229 consentit.
2031 4166 2159 4246 Sed
2197 4168 2264 4229 in
2301 4167 2535 4230 montis
2576 4167 2873 4246 spelunca
2897 4165 3240 4230 Dominum
3274 4168 3512 4231 dixisse
3549 4167 3970 4232 beatitudines
4009 4188 4050 4230 a

1173 4267 1420 4329 nemine
1458 4265 1747 4345 traditur,
1788 4266 1974 4328 immo
2014 4265 2325 4329 doctiores
2360 4266 2791 4347 explanatores
2835 4286 2977 4330 eum
3016 4267 3084 4330 in
3124 4269 3259 4330 loco
3301 4268 3598 4331 eminenti
3651 4268 3758 4332 vel
3810 4267 4048 4330 tumulo

1177 4365 1422 4429 sedisse
1461 4365 1862 4428 arbitrantur.

1335 4463 1362 4501 ⁸
1402 4465 1540 4528 Hoc
1581 4464 1816 4526 dictum
1858 4463 2094 4527 Christi
2130 4485 2247 4528 nec
2285 4466 2356 4527 in
2383 4465 2728 4545 evangeliis
2752 4485 2872 4527 nec
2897 4465 2965 4528 in
2983 4458 3608 4547 pseudo-evangeliis
3632 4487 3746 4529 nec
3770 4467 3837 4528 in
3862 4465 4051 4529 dictis

1177 4561 1427 4626 Christo
1468 4564 1724 4626 tributis
1763 4563 2040 4644 legitur:
2083 4561 2355 4627 fortasse
2396 4565 2463 4625 in
2502 4564 2766 4643 quodam
2816 4565 2977 4626 libro
3031 4563 3355 4645 deperdito
3404 4566 3507 4628 vel
3562 4585 3638 4627 ex
3687 4565 3809 4628 loci
3864 4564 4052 4628 tradi·

1177 4660 1349 4724 tione
1387 4661 1544 4723 illud
1586 4663 1852 4726 relatum
1890 4663 2237 4743 Peregrina
2276 4664 2640 4745 desumpsit.

1176 4782 1182 4789 ·
1335 4760 1363 4795 ⁴
1401 4760 1611 4823 Gebus
1647 4762 1714 4823 in
1754 4761 1982 4825 codice.
2027 4762 2342 4825 Eusebius
2382 4761 2464 4824 ad
2504 4783 2563 4824 v.
2611 4784 2644 4822 ‹
2676 4763 2930 4837 Gelboe,
2977 4771 3220 4827 montes
3249 4763 3752 4844 alienigenarum,
3780 4765 3847 4826 in
3871 4769 4050 4828 sexto

1174 4857 1385 4939 lapide
1424 4880 1465 4922 a
1504 4844 1883 4940 scythopoli,
1924 4861 1990 4922 in
2030 4860 2255 4940 quibus
2297 4868 2365 4922 et
2402 4860 2581 4923 vicus
2624 4869 2722 4924 est
2760 4863 3034 4941 grandis,
3076 4864 3183 4942 qui
3223 4869 3481 4927 vocatur
3525 4864 3763 4926 Gelbus
3794 4887 3850 4925 ›.

1334 4956 1360 4993 ⁸
1399 4958 1656 5038 Iezrael,
1697 4979 1855 5038 quae
1896 4967 1963 5022 et
2002 4959 2306 5039 Sti-adela,
2346 4960 2458 5021 ubi
2500 4961 2669 5023 sedit
2708 4961 2926 5023 Achab
2965 4976 3095 5041 rex,
3139 4962 3413 5025 distabat
3442 4964 3652 5026 decem
3681 4963 3879 5025 millia
3915 4981 4054 5042 pas-

1177 5074 1357 5118 suum
1396 5076 1434 5118 a
1472 5057 1975 5139 Maximianopoli
2017 5058 2403 5139 (Hieronym.
2446 5059 2513 5122 in
2555 5059 2720 5122 Osee
2747 5080 2800 5121 c.
2834 5061 2915 5141 1‚)
2960 5067 3026 5122 et
3066 5061 3388 5124 duodecim
3429 5084 3468 5125 a
3506 5061 3849 5143 Scithopoli
3876 5061 4057 5143 (Itin.

1177 5155 1416 5236 Burd.).
1455 5156 1885 5220 Fundamenta
1922 5158 2117 5219 turris
2155 5156 2437 5221 fortasse·
2472 5165 2649 5221 erant
2686 5160 2960 5239 vestigia
2998 5161 3218 5241 palatii
3257 5160 3491 5224 Achab.
3539 5161 3921 5242 Sepulcrum,
3949 5160 4055 5224 vel

1178 5252 1387 5332 potius
1426 5253 1602 5315 10003
1641 5253 1977 5332 dicebatur,
2019 5275 2144 5334 quo
2183 5255 2386 5318 eiecta
2424 5255 2549 5317 fuit
2588 5263 2653 5318 et
2695 5277 2732 5318 a
2771 5257 3026 5319 canibus
3074 5265 3293 5321 vorata
3338 5254 3589 5322 Iezabel
3634 5279 3790 5322 uxor
3835 5258 4055 5321 Achab

1177 5351 1347 5430 regis
1389 5351 1571 5433 (Reg.
1613 5353 1737 5429 111,
1779 5372 1831 5415 0.
1874 5355 2000 5434 21).

1340 5449 1365 5487 ⁶
1405 5449 1717 5513 Eusebius
1757 5449 1838 5511 ad
1878 5470 1938 5512 v.
1980 5451 2274 5531 Samaria,
2308 5475 2341 5509 ‹
2386 5472 2544 5531 quae
2582 5474 2745 5516 nnnc
2787 5453 3051 5517 Sebaste
3092 5454 3341 5521 dicitur.
3370 5479 3403 5516 ›
3440 5457 3696 5538 Peregr.
3739 5477 3790 5518 s.
3818 5456 4055 5519 Paulae

1180 5547 1237 5627 §-
1263 5549 1358 5608 16.
1405 5569 1438 5607 ‹
1478 5548 1581 5609 Ibi
1619 5548 1728 5610 siti
1767 5557 1913 5610 sunt
1951 5549 2253 5611 Heliseus
2295 5558 2362 5611 et
2400 5549 2641 5613 Abdias
2689 5552 3060 5633 prophetae.
3086 5599 3101 5616 .
3127 5600 3143 5615 .
3168 5598 3184 5616 .
3207 5562 3273 5618 et
3314 5555 3632 5623 Johannes
3678 5556 3969 5640 Baptista
3996 5578 4052 5620 ›.

1184 5643 1281 5706 Of.
1309 5645 1483 5707 Hier.
1512 5645 1578 5708 in
1617 5646 1826 5708 Abdia
1864 5647 2185 5730 propheta.
4012 5666 4037 5697 -'
