4642 6650
1184 741 1268 807 62
2167 760 2222 807 s.
2272 758 2536 804 smvnm
2584 757 3074 804 rsanommrto

1194 852 1260 858 —-—
1277 852 1462 858 -——·—-
1507 851 1958 858 ——-—-—---—---———
1987 850 2574 858 m
2738 849 2813 854 ..-

3292 849 3445 854 0———-—-—
3504 851 3677 857 ,Μ
3724 850 3871 858 —.-——-—-
3912 850 4062 857 ——-

1184 978 1442 1073 ipsius,
1500 978 1661 1052 Iob:
1720 981 1840 1053 cui
1880 978 2014 1053 Iob
2054 978 2151 1052 ad
2188 981 2377 1052 tunc
2413 978 2493 1051 in
2531 1000 2618 1052 eo
2657 978 2822 1052 loco
2860 976 3067 1052 facta
3104 980 3220 1051 est
3275 978 3425 1052 ista
3463 976 3796 1066 ecclesia,
3829 999 4060 1071 quam

1184 1102 1484 1177 videtis
1545 1103 1670 1176 lta
1724 1104 1984 1178 tamen
2022 1106 2115 1175 ut
2152 1103 2347 1198 lapis
2386 1125 2559 1177 cum
2598 1124 2907 1198 corpore
2945 1124 3099 1175 non
3136 1106 3575 1177 moveretur
3612 1102 3691 1174 in
3741 1101 3891 1174 alio
3950 1101 4057 1173 lo·

1104 1293 1108 1295 γ
1183 1250 1294 1317 66,
1334 1228 1464 1303 66(1
1500 1230 1630 1319 ibi,
1673 1230 1806 1302 ubi
1843 1230 2243 1304 inventum
2283 1227 2562 1319 fuerat,
2595 1252 2863 1326 corpus
2900 1229 3239 1323 positum
3276 1232 3497 1318 esset,
3539 1231 3623 1322 et
3660 1229 3751 1299 ut
3789 1248 4059 1321 corpus

1183 1354 1448 1428 subter
1502 1354 1866 1427 altarium
1920 1355 2223 1428 lateret.
2265 1354 2411 1427 Illa
2450 1357 2706 1428 autem
2751 1354 3085 1443 ecclesia,
3120 1376 3353 1449 quam
3391 1354 3747 1427 tribunus
3802 1350 4057 1426 nescio

1184 1481 1317 1574 qui
1372 1478 1726 1571 faciebat,
1787 1479 1890 1554 sic
1946 1484 2106 1554 stat
2160 1480 2608 1576 imperfecta
2663 1502 2900 1576 usque
2943 1479 3025 1553 in
3079 1478 3328 1554 hodie.
3362 1479 3471 1554 Ac
3526 1478 3630 1553 sic
3686 1500 3864 1573 ergo
3920 1499 4057 1550 nos

1183 1606 1336 1678 alia
1392 1604 1513 1677 die
1569 1626 1795 1679 mane
1852 1606 2295 1700 rogavimus
2352 1605 2807 1701 episcopum,
2846 1607 2934 1678 ut
2987 1603 3276 1679 faceret
3332 1603 3817 1693 oblationem,
3857 1602 4059 1676 sicut

1184 1733 1263 1803 et
1299 1729 1549 1804 facere
1587 1730 1944 1825 dignatus
1985 1733 2125 1822 est,
2168 1734 2248 1805 et
2284 1730 2734 1805 benedicens
2782 1752 2920 1804 nos
2970 1729 3362 1825 episcopus
3402 1727 3727 1825 profecti
3765 1749 4055 1800 sumus.

1184 1853 1844 1928 Communicantes
1899 1877 2101 1950 erg0,
2160 1858 2240 1929 et
2296 1855 2403 1928 ibi
2459 1855 2747 1950 gratias
2805 1857 3119 1950 agentes
3174 1853 3334 1927 Deo
3373 1873 3689 1948 semper,
3739 1852 4057 1945 regressi

1182 2002 1442 2053 sumus
1497 1980 1576 2052 in
1632 1978 2186 2073 Ierusolimam,
2253 1980 2401 2055 iter
2454 1979 2820 2055 facientes
2876 2000 3008 2076 per
3054 1979 3392 2074 singulas
3433 1978 3885 2066 mansioneS,
3923 1997 4058 2071 per

1182 2127 1369 2200 quas
1408 2105 1740 2179 ieramus
1771 2108 1926 2180 tres
1966 2129 2203 2181 annos
2233 2099 2279 2178 ¹.

1340 2227 1535 2304 Item
1608 2230 1687 2303 in
1757 2230 2063 2305 nomine
2137 2229 2300 2321 Dei,
2378 2233 2769 2305 transacto
2806 2319 2813 2328 .
2846 2230 3243 2325 aliquanto
3280 2231 3648 2323 tempore,
3689 2249 3860 2301 cum
3898 2225 4055 2299 iam

1178 2359 1335 2430 tres
1411 2355 1591 2429 anni
1647 2355 1855 2450 pleni
1922 2359 2197 2442 essent,
2283 2378 2330 2429 a
2412 2377 2562 2451 quo
2648 2356 2729 2429 in
2801 2355 3328 2429 Ierusolimam
3382 2353 3799 2429 venissem:
3872 2350 4055 2425 visis

1181 2482 1417 2555 etiam
1494 2482 1843 2555 omnibus
1908 2482 2091 2556 locis
2171 2481 2479 2572 sanctie,
2551 2481 2648 2555 ad
2706 2504 2894 2576 quos
2960 2480 3327 2555 orationis
3384 2469 3691 2575 gratia²
3729 2499 3851 2552 me
3888 2482 4055 2551 ten-

1079 2659 1088 2668 .
1180 2606 1482 2679 deram:
1549 2610 1629 2680 et
1691 2607 1862 2680 ideo
1935 2607 2089 2680 iam
2163 2605 2599 2683 revertendi
2651 2606 2746 2679 ad
2805 2607 3132 2702 patriam
3189 2606 3488 2679 animus
3545 2606 3767 2678 esset.
3826 2602 4055 2677 Volui

1091 2709 1096 2716 ’
1182 2732 1493 2806 iubente
1549 2732 1711 2806 Deo
1763 2735 1843 2806 et
1914 2731 2012 2805 ad
2085 2732 2717 2828 Mesopotamiam
2793 2731 3030 2810 Siriae
3114 2729 3464 2806 accedere
3537 2728 3636 2803 ad
3708 2726 4057 2801 visendos

1180 2861 1482 2932 sanctos
1551 2858 1986 2949 monachos,
2064 2860 2196 2953 qui
2268 2858 2378 2933 ibi
2447 2858 2756 2954 plurimi
2831 2861 2911 2932 et
2983 2861 3149 2931 tam
3224 2855 3546 2930 eximiae
3618 2856 3827 2930 vitae
3891 2875 4054 2928 esse

1182 2982 1651 3071 dicebantur,
1711 2984 1801 3055 ut
1856 2982 1983 3056 vix
2020 2980 2287 3055 referri
2326 2982 2594 3077 possit:
2638 3003 2775 3056 1166
2811 3005 2965 3056 non
3003 2981 3240 3055 etiam
3278 2984 3357 3054 et
3395 2979 3648 3076 gratia
3688 2978 4053 3053 orationis

1182 3106 1279 3180 ad
1337 3107 1798 3202 martyrium
1852 3095 2097 3181 sancti
2154 3107 2491 3182 Thomae
2531 3107 2880 3202 apostoli,
2931 3106 3063 3179 ubi
3120 3128 3388 3200 corpus
3426 3105 3631 3177 illius
3672 3105 4054 3199 integrum

1186 3232 1520 3327 positum
1578 3236 1716 3320 est,
1775 3232 1853 3305 id
1892 3237 2009 3306 est
2045 3232 2249 3328 apud
2288 3232 2679 3320 Edessam3
2722 3254 2947 3327 quem
2989 3254 3067 3305 se
3098 3231 3280 3304 illuc
3319 3231 3750 3319 missurum,
3790 3232 4055 3324 postea

1181 3380 1413 3453 quam
1455 3361 1533 3430 in
1571 3358 1798 3433 coelis
1852 3357 2332 3448 ascendisset,
2373 3358 2578 3431 Deus
2615 3361 2877 3431 noster
2914 3356 3123 3432 Iesus
3160 3359 3492 3430 testatus
3542 3359 3660 3430 est
3713 3376 3846 3450 per
3901 3354 4056 3448 epi-

1182 3482 1485 3572 stolam,
1527 3506 1759 3578 quam
1796 3483 1892 3555 ad
1921 3483 2313 3577 Aggarum
2343 3473 2371 3516 ³
2408 3504 2664 3576 regem
2701 3505 2835 3577 per
2873 3482 3252 3555 Ananiam
3279 3472 3304 3514 ⁴¹
3337 3502 3723 3555 cursorem
3750 3474 3776 3514 ⁵
3803 3479 4053 3551 misit:

1177 3615 1493 3682 servatur
1529 3630 1830 3704 quoque
1869 3608 2192 3703 epistola
2234 3631 2410 3682 cum
2448 3607 2719 3703 grandi
2757 3608 3191 3681 reverentia
3230 3606 3432 3701 apud
3473 3605 3833 3678 Edessam
3871 3605 4053 3677 civi-

1077 3766 1090 3777 ·
1177 3736 1448 3823 tatem,
1493 3734 1623 3806 ubi
1669 3736 1748 3806 et
1805 3733 2025 3828 ipsud
2063 3733 2524 3829 martyrium
2574 3732 3024 3807 custoditur.
3066 3731 3266 3805 Nam
3319 3730 3507 3804 mihi
3565 3729 3825 3803 credat
3881 3728 4055 3802 volo

1181 3856 1479 3930 affectio
1519 3860 1798 3947 vestra,
1840 3856 2203 3951 quoniam
2233 3857 2491 3929 nullus
2523 3856 3105 3930 christianorum
3147 3858 3286 3945 est,
3318 3854 3631 3950 quinon
3670 3874 3750 3926 se
3786 3850 4059 3926 tendat

1179 3981 1362 4054 illuc
1388 3981 1641 4075 gratia
1673 3981 2080 4054 orationis:
2125 3981 2578 4076 quicumque
2608 3984 2871 4054 tamen
2909 4001 3148 4074 usque
3186 3978 3283 4052 ad
3320 3978 3488 4052 loca
3516 3981 3803 4067 sancta,
3835 3976 3913 4049 id
3940 3978 4059 4050 est

1179 4104 1258 4177 in
1276 4103 1739 4179 Ierusolimis
1769 4105 2198 4181 accesserit:
2223 4106 2446 4180 ethic
2472 4106 2680 4181 locus
2704 4106 2795 4179 de
2822 4104 3273 4179 Ierusolima
3300 4104 3656 4179 vicesima
3677 4105 3757 4180 et
3784 4101 4057 4197 quinta

1343 4418 1361 4455 ¹
1390 4419 1518 4482 Per
1557 4420 1907 4482 mansiones
1948 4419 2307 4482 Palestinae
2351 4420 2749 4499 peregrinata
2789 4426 2888 4481 est
2927 4425 3056 4481 tres
3098 4437 3309 4494 annos,
3367 4415 3568 4479 eundo
3627 4422 3690 4478 et
3743 4412 4057 4477 redeundo

1183 4518 1699 4597 Hierosolymam,
1742 4525 1814 4578 ut
1855 4517 2059 4580 omnia
2099 4518 2337 4581 viseret
2376 4520 2513 4581 loca
2555 4525 2785 4581 sancta.

1339 4615 1363 4651 ²
1395 4615 1544 4678 Cod.
1590 4617 1875 4695 gratiam.

1341 4713 1366 4751 ³
1393 4716 1683 4793 Aggarus
1725 4735 1836 4793 pro
1878 4716 2194 4795 Abgarus.
2237 4715 2335 4776 De
2377 4715 2511 4778 eius
2552 4715 2722 4794 regis
2766 4714 2845 4776 ad
2888 4713 3204 4776 Christum
3231 4719 3414 4790 atque
3445 4710 3523 4773 de
3552 4709 3786 4772 Christi
3815 4707 3895 4768 ad
3924 4729 4061 4770 eum

1181 4813 1467 4892 epistola,
1512 4814 1825 4893 exagitata
1852 4821 1951 4877 est
1985 4802 2286 4894 perpetua
2324 4815 2773 4892 notissimaque
2815 4812 3264 4875 controversia:
3308 4810 3420 4873 sed
3446 4817 3694 4890 praeter
3721 4810 4062 4870 Eusebium

1183 4912 1287 4993 (H.
1332 4911 1403 4972 Ε.
1447 4912 1510 4973 1..
1533 4912 1568 4972 I
1607 4933 1658 4973 6.
1705 4913 1826 4993 10),
1871 4911 1976 4990 qui
2019 4933 2097 4974 ex
2135 4913 2442 4975 tabulario
2496 4912 2670 4974 urbis
2727 4912 3004 4974 Edessae
3062 4909 3479 4989 apographum
3540 4927 3749 4968 earum
3800 4906 4061 4984 excepit,

1177 5010 1391 5072 nullus
1435 5011 1679 5072 saeculo
1722 5018 1938 5088 quarto
1981 5011 2167 5071 huius
2209 5011 2301 5072 rei
2344 5012 2528 5072 testis
2570 5010 2750 5072 nobis
2795 5017 3115 5088 supererat
3132 5030 3145 5085 3
3187 5012 3563 5087 quapropter
3600 5005 3774 5082 illud,
3805 5005 3970 5083 quod
3996 5005 4061 5064 in

1178 5107 1677 5187 peregrinatione
1718 5108 2006 5187 legimuS,
2049 5109 2569 5188 pretiosissimum
2612 5129 2752 5171 esse
2795 5108 3059 5186 videtur,
3104 5106 3348 5169 etiamsi
3402 5104 3687 5184 epistolis
3736 5104 3894 5183 ipsis
3942 5123 4063 5164 non

1184 5213 1410 5285 augeat
1448 5204 1652 5267 fidem.
2488 5211 2496 5219 '
3707 5264 3711 5269 .

1338 5304 1365 5337 ⁴
1393 5303 1670 5364 Ananias
1712 5303 1949 5381 Abgari
1989 5305 2162 5383 regis
2206 5312 2340 5365 erat
2381 5325 2595 5366 cursor
2634 5304 3014 5380 tabellarius,
3058 5302 3232 5363 cuius
3273 5321 3493 5362 nomeu
3543 5301 3609 5361 in
3660 5299 3931 5360 Eusebio
3982 5299 4067 5359 le-

1183 5400 1371 5479 gitur,
1415 5421 1492 5462 ex
1531 5422 1648 5480 quo
1691 5402 1793 5463 vel
1835 5423 1912 5462 ex
1953 5401 2229 5481 episcopi
2271 5402 2558 5463 edesseni
2597 5402 2899 5463 relatione
2940 5401 3282 5480 Peregrina
3321 5399 3477 5461 illud
3521 5399 3884 5478 desumpsit.

1342 5497 1367 5535 ⁵
1399 5498 1611 5586 Codex
1649 5499 1766 5560 hoc
1806 5500 1874 5560 in
1914 5500 2048 5560 1666
2091 5508 2416 5579 corruptus
2456 5498 2728 5580 profert:
2776 5522 2807 5558 κ
2832 5519 3160 5577 cursorem,
3215 5498 3389 5560 misit
3440 5517 3679 5576 quoque
3737 5494 4066 5575 epistolam

1182 5616 1318 5658 cum
1360 5597 1582 5675 grandi
1622 5598 1976 5659 reverentia
1999 5621 2053 5658 ».
