4642 6650
1249 803 1375 873 120
2419 820 2618 869 Pnfrm
2665 819 2938 869 Ducom

1240 1069 1418 1121 mox
1472 1049 1688 1121 totus
1745 1045 2068 1142 populus
2107 1067 2407 1119 summa
2443 1046 2938 1121 veneratione
2974 1044 3391 1136 salutabat,
3453 1047 3535 1120 et
3588 1043 4108 1120 osculabatur:

1187 1197 1194 1204 ·
1239 1171 1574 1247 habebat
1629 1175 1891 1246 autem
1947 1171 2448 1267 longitudinis
2505 1174 2678 1247 octo
2732 1171 2985 1267 pedes.

1398 1297 1691 1389 (Anon.)
1724 1297 2132 1371 Sudarium
2169 1319 2377 1388 ver0,
2418 1319 2592 1373 cum
2630 1319 2780 1392 quo
2821 1296 3164 1371 Christus
3202 1297 3476 1372 faciem
3513 1319 3731 1371 suam
3770 1295 4111 1386 extersit,

1239 1423 1443 1519 quod
1498 1424 1595 1498 ab
1653 1423 1819 1497 aliis
1858 1422 2254 1520 Veronyca
2291 1414 2312 1456 ¹
2373 1423 2675 1513 dicitur,
2707 1425 3050 1518 tempore
3107 1423 3389 1498 Tiberii
3442 1423 3768 1499 caesaris
3820 1421 4110 1496 Romae

1237 1548 1580 1624 delatum
1636 1553 1775 1623 est.
1833 1548 2151 1628 Arundo
2201 1570 2411 1640 ver0,
2454 1571 2626 1623 cum
2666 1571 2818 1644 qua
2856 1551 3089 1645 caput
3125 1549 3287 1623 eius
3342 1569 3781 1646 percussum
3836 1550 3977 1639 est,
4032 1552 4115 1625 et

1236 1675 1582 1751 sandalia
1638 1677 1825 1766 eius,
1886 1678 1966 1750 et
2020 1675 2210 1766 lora,
2253 1698 2428 1750 cum
2466 1675 2742 1772 quibus
2782 1675 3068 1771 ligatus
3106 1679 3248 1765 est,
3289 1677 3370 1750 et
3423 1675 3890 1751 circumcisio
3948 1674 4113 1750 eius

1236 1803 1319 1876 in
1373 1802 1685 1877 basilica
1740 1801 2363 1876 constantiniana
2417 1802 2706 1876 Romae
2757 1800 3303 1877 venerabiliter
3355 1802 3863 1876 honorantur.

1397 1927 1516 2018 (B.
1553 1951 1610 2001 c.
1652 1928 1702 1999 1
1713 1927 1802 2017 V)
1859 1925 2095 1999 Aliud
2150 1949 2453 2022 quoque
2508 1926 2906 2021 aliquanto
2971 1925 3217 1999 maius
3279 1925 3607 2001 linteum
3662 1926 3745 1999 in
3800 1925 4114 2000 ecclesia

1234 2055 1671 2143 veneratur,
1733 2052 1935 2147 quod
1990 2052 2242 2126 fertur
2280 2075 2329 2125 a
2366 2054 2632 2127 sancta
2668 2051 2915 2126 Maria
2954 2053 3421 2142 contextum,
3479 2051 3879 2126 duodecim
3932 2073 4109 2147 apo-

1236 2177 1610 2251 stolorum
1665 2180 1747 2252 et
1799 2177 2037 2272 ipsius
2093 2178 2405 2252 Domini
2459 2177 2855 2252 continens
2920 2177 3310 2273 imagines,
3368 2199 3522 2251 uno
3577 2178 3821 2252 latere
3876 2177 4109 2251 rubro

1235 2306 1316 2377 et
1371 2303 1618 2378 altero
1674 2302 1928 2378 viridi.

1395 2429 1516 2520 (Β.
1549 2454 1605 2503 c.
1656 2430 1747 2520 V)
1789 2428 2003 2504 Circa
2039 2430 2570 2505 Ierusolimam
2608 2451 2879 2527 aspera
2916 2433 2997 2506 et
3034 2432 3440 2504 montuosa
3476 2432 3892 2504 cernuntur
3918 2429 4109 2504 loca.

1232 2553 1429 2628 Hinc
1483 2577 1783 2650 quoque
1839 2557 2439 2650 septentrionem
2485 2578 2752 2633 versus
2790 2579 3030 2652 usque
3084 2556 3184 2630 ad
3237 2554 3769 2632 Arimatheam
3823 2556 4112 2629 terram

1187 2754 1194 2764 ,
1233 2681 1542 2775 petrosa
1597 2683 1677 2754 et
1731 2702 1998 2775 aspera
2053 2702 2186 2777 per
2224 2682 2636 2757 intervalla
2672 2682 3245 2755 monstrantur:
3302 2680 3545 2756 valles
3600 2700 3905 2776 quoque
3961 2679 4108 2775 spi—

1233 2826 1465 2878 nosae
1520 2825 1761 2899 usque
1838 2804 1935 2878 ad
2007 2804 2529 2903 Thainnycam
2601 2806 2989 2902 regionem
3065 2807 3440 2901 patentes.
3515 2803 3637 2878 Ad
3714 2802 4112 2878 Cesaream

1234 2950 1416 3004 vero
1473 2929 1912 3006 Palestinae
1967 2931 2064 3004 ab
2113 2930 2555 3022 Ierusalem,
2596 2932 2945 3027 quamvis
2985 2931 3244 3026 aliqua
3281 2929 3817 3027 repperiantur
3871 2951 4108 3025 angu-

1235 3058 1360 3129 sta
1413 3058 1495 3129 et
1531 3055 1796 3130 brevia
1834 3078 2099 3152 aspera
2154 3056 2345 3147 loca,
2387 3057 2741 3153 precipue
2779 3060 3040 3132 tamen
3078 3056 3437 3151 planities
3474 3078 3938 3151 camporum,
3996 3054 4111 3127 in·

1232 3180 1623 3275 terpositis
1697 3181 2025 3272 olivetis,
2101 3181 2396 3257 distant
2451 3185 2716 3257 autem
2771 3181 3268 3279 septuaginta
3322 3181 3658 3256 millibus
3722 3203 4109 3276 passuum.

1233 3305 1665 3402 Longitudo
1720 3329 1903 3383 vero
1959 3309 2214 3383 terrae
2267 3308 2869 3404 repromissionis
2905 3333 2953 3382 a
2990 3307 3163 3381 Dan
3198 3329 3441 3403 usque
3480 3306 3903 3383 Bersabeae
3938 3307 4109 3381 ten-

1233 3432 1444 3507 ditur
1498 3433 1745 3529 spatio
1803 3438 2111 3508 centum
2167 3436 2568 3531 sexaginta
2632 3437 2968 3531 quinque
3023 3434 3363 3508 milium:
3423 3435 3520 3508 ab
3575 3434 3808 3531 Ioppe
3862 3456 4103 3529 usque

1232 3558 1586 3634 Bethlem
1640 3560 2154 3656 quadraginta
2207 3582 2340 3636 sex
2396 3562 2727 3637 milibus.
2784 3561 3015 3636 quta
3051 3584 3361 3634 murum
3395 3559 3667 3656 templi
3720 3560 3845 3635 vel
3903 3559 4109 3634 Ieru-

1233 3685 1471 3760 salem
1526 3686 1623 3759 ab
1690 3688 1985 3760 oriente
2052 3686 2417 3762 Geennon
2488 3688 2842 3779 occurrit,
2900 3709 3100 3789 quae
3174 3690 3292 3762 est
3346 3686 3571 3762 vallis
3644 3686 4011 3782 Iosaphat
4064 3709 4112 3759 a

1234 3811 1830 3905 septentrionale
1886 3812 2111 3907 plaga
2165 3812 2246 3886 in
2303 3817 2656 3887 austrum
2711 3816 3085 3910 porrecta,
3141 3833 3276 3909 per
3331 3835 3564 3907 quam
3618 3814 3919 3886 torrens
3976 3809 4110 3885 Ce-

1236 3936 1449 4027 dron,
1508 3936 1572 4008 si
1628 3936 1930 4031 quando
1988 3937 2426 4033 pluviarum
2483 3961 2763 4035 aquam
2828 3938 3122 4035 recipit,
3178 3937 3541 4013 decurrit.
3597 3937 3810 4012 Haec
3860 3936 4108 4015 vallis,

1235 4064 1315 4135 et
1350 4084 1589 4157 parva
1626 4061 1872 4157 campi
1909 4062 2266 4157 planities
2304 4064 2594 4161 irrigua
2632 4067 2713 4139 et
2750 4086 3175 4155 nemorosa,
3215 4063 3596 4160 plenaque
3643 4062 3930 4137 deliciis
3967 4064 4107 4137 est.

1233 4184 1326 4258 In
1379 4185 1521 4260 hac
1576 4187 1811 4260 turris
1851 4190 1969 4262 est
2006 4190 2206 4284 regis
2244 4189 2634 4286 Iosaphat,
2675 4190 3159 4285 sepulchrum
3197 4188 3360 4264 eius
3397 4189 3835 4264 continens:
3893 4187 4108 4263 cuius

1234 4310 1332 4384 ad
1388 4312 1781 4387 dexteram
1838 4312 1929 4387 de
1965 4335 2153 4409 rupe
2193 4316 2477 4416 montis
2518 4315 2801 4390 Oliveti
2839 4315 3087 4389 excisa
3124 4317 3206 4389 et
3242 4317 3597 4411 separata
3652 4314 3922 4388 domus
3960 4302 4109 4386 duo

1234 4439 1510 4512 cavata
1562 4438 1800 4511 habet
1836 4439 2258 4533 sepulchra,
2298 4440 2442 4514 hoc
2480 4443 2599 4515 est
2639 4439 3035 4537 Symeonis
3075 4439 3299 4531 seniS,
3342 4442 3421 4515 et
3474 4439 3748 4536 Ioseph
3801 4442 4111 4514 sanctae

1233 4562 1522 4637 Mariae
1550 4563 1826 4658 sponsi.
1867 4563 1960 4636 In
1998 4564 2264 4639 eadem
2302 4566 2528 4656 valle,
2569 4569 2879 4640 sanctae
2919 4565 3209 4640 Mariae
3245 4564 3581 4640 rotunda
3618 4567 3734 4640 est
3770 4564 4109 4655 ecclesia,

1232 4688 1532 4784 lapideo
1588 4689 1943 4764 tabulato
2011 4690 2360 4782 discreta,
2422 4692 2636 4765 cuius
2692 4691 2773 4764 in
2830 4691 3346 4787 superioribus
3416 4693 3751 4786 quatuor
3805 4689 4107 4781 altaria,

1233 4813 1315 4886 in
1369 4813 1857 4889 inferioribus
1900 4840 2141 4889 unum
2176 4816 2511 4891 habetur
2547 4818 2629 4891 in
2670 4817 3033 4891 orientali
3069 4816 3338 4913 plaga:
3379 4820 3461 4891 et
3496 4816 3594 4890 ad
3630 4817 3793 4891 eius
3849 4815 4109 4889 dexte·

1232 4940 1401 5013 ram
1453 4943 2038 5015 monumentum
2075 4964 2431 5034 vacuum,
2480 4942 2561 5016 in
2599 4964 2750 5037 quo
2797 4945 3062 5017 sancta
3116 4942 3363 5029 Maria
3418 4941 3870 5036 aliquandiu
3923 4963 4111 5037 pau·

1235 5087 1438 5139 sasse
1495 5065 1797 5141 dicitur.
1851 5066 2072 5143 Hanc
2111 5067 2494 5162 intrantes
2533 5068 2800 5142 vident
2839 5068 2938 5141 ad
2975 5067 3374 5143 dexteram
3409 5067 3779 5153 insertam
3832 5065 4112 5162 parieti

1396 5374 1416 5412 ¹
1461 5376 1681 5441 Omnia
1699 5379 1852 5441 haec
1893 5400 1928 5441 e
1970 5379 2403 5459 superstitioso
2445 5350 2852 5462 corruptoque
2895 5351 3096 5442 rivulo
3118 5379 3364 5443 defluxa
3393 5400 3532 5442 esse
3560 5378 3869 5458 videntur,
3899 5398 4101 5457 quam-

1234 5494 1414 5555 quam
1452 5476 1520 5537 id
1559 5499 1659 5539 me
1696 5499 1818 5540 non
1857 5479 2033 5557 latet,
2073 5480 2235 5557 quod
2275 5480 2358 5542 de
2400 5480 2647 5542 sudario
2688 5480 2941 5542 Domini
2969 5481 3223 5560 eiusque
3250 5487 3570 5544 vetustate
3597 5478 3910 5561 profertur
3938 5478 4103 5561 (Bol-

1234 5573 1399 5639 land.
1445 5575 1505 5636 S.
1550 5577 1876 5657 Veronioa,
1918 5581 1959 5639 4
1999 5579 2231 5659 Febr).
