4642 6650
1239 715 1325 781 80
2222 735 2277 780 s.
2327 733 2590 779 sumna
2636 735 3132 782 rnna-ommno

1572 825 1880 833 ———-—.-
1899 827 2058 833 η-
2095 826 2256 832 ..—.—-..-

1236 949 1650 1049 episcopuS,
1706 954 1788 1029 et
1840 953 2088 1040 intrat
2159 952 2366 1027 intro
2440 952 2882 1049 speluncam
2957 954 3057 1028 ad
3125 952 3592 1030 Anastasim.
3648 955 4123 1052 Aperiuntur

1234 1076 1490 1150 hostia
1545 1078 1825 1168 omnia,
1866 1081 1947 1152 et
1999 1077 2245 1153 intrat
2300 1080 2547 1154 omnis
2602 1079 3032 1153 multitudo
3089 1079 3186 1155 ad
3243 1079 3722 1157 Anastasim:
3779 1082 3912 1156 ubi
3966 1084 4125 1158 iam

1175 1227 1182 1232 ·
1233 1198 1647 1274 luminaria
1701 1201 2005 1276 infinita
2041 1203 2342 1277 lucent:
2391 1206 2493 1293 et,
2552 1203 3194 1299 quemadmodum
3250 1205 3632 1300 ingressus
3688 1205 3925 1280 fuerit
3975 1230 4119 1304 po-

1233 1327 1459 1422 pulus
1482 1384 1501 1419 ,
1568 1328 1767 1403 dicet
1832 1329 2213 1423 psalmum
2280 1329 2738 1425 quicumque
2802 1329 2894 1403 de
2955 1329 3396 1426 presbiteris
3419 1385 3439 1421 ,
3496 1334 3578 1405 et
3651 1333 4114 1427 respondent

1234 1474 1540 1527 omnes:
1597 1457 1771 1548 post
1822 1454 1965 1529 1166
2030 1454 2118 1527 fit
2181 1454 2455 1530 oratio.
2521 1454 2721 1529 Item
2787 1455 2974 1529 dicit
3037 1456 3418 1551 psalmum
3485 1457 3949 1554 quicumque
4025 1459 4117 1533 de

1235 1577 1701 1670 diaconibuS,
1758 1579 2113 1654 similiter
2167 1579 2258 1653 fit
2314 1579 2609 1654 oratio:
2668 1579 2949 1654 dicitur
2985 1583 3067 1656 et
3102 1583 3383 1656 tertius
3438 1581 3776 1675 psalmus
3831 1606 3880 1656 a
3933 1605 4115 1679 quo-

1234 1723 1558 1798 cumque
1612 1702 1905 1793 clerico,
1966 1702 2055 1803 fit
2107 1706 2189 1777 et
2243 1705 2479 1778 tertio
2555 1703 2805 1778 oratio
2835 1759 2853 1793 ‚
2910 1706 2993 1779 et
3066 1705 3687 1784 commemoratio
3743 1705 4110 1780 omnium.

1234 1824 1476 1901 Dictis
1529 1848 1710 1923 ergo
1767 1827 1883 1900 his
1921 1827 2170 1901 tribus
2224 1825 2534 1922 psalmis
2563 1818 2614 1919 ¹,
2672 1829 2753 1902 et
2806 1826 3030 1903 factis
3088 1828 3565 1903 orationibus
3614 1829 3886 1920 tribus,
3942 1851 4114 1905 ecce

1234 1949 1467 2025 etiam
1533 1950 2012 2026 thimiataria
2039 1942 2068 1985 ²
2118 1950 2560 2026 inferuntur
2614 1952 2821 2026 intro
2875 1953 3233 2048 spelunca
3285 1952 3686 2028 Anastasis
3710 2009 3730 2045 ,
3789 1957 3881 2028 613
3943 1958 4116 2029 tota

1232 2075 1552 2157 basilica,
1602 2076 1997 2152 Anastasis
2049 2077 2439 2174 repleatur
2494 2078 2874 2152 odoribus.
2932 2079 3033 2152 Et
3066 2057 3272 2154 ⁸tunc
3326 2079 3459 2152 ubi
3513 2081 3683 2156 stat·
3719 2079 4112 2176 episcopus

1232 2198 1439 2274 intro
1476 2202 1871 2294 6611661166,
1910 2201 2234 2297 prendet
2270 2202 2780 2297 evangelium,
2811 2205 2893 2278 et
2921 2203 3227 2279 accedet
3262 2203 3361 2278 ad
3396 2203 3761 2297 hostium,
3791 2207 3871 2279 et
3906 2205 4113 2301 leget

1232 2322 1913 2401 resurrectionem*
1950 2326 2272 2402 domnus
2353 2327 2743 2423 episcopus
2818 2327 3000 2424 ipse.
3060 2327 3276 2414 Quod
3346 2350 3519 2403 cum
3591 2329 3880 2427 ceperit
3936 2329 4113 2426 legi,

1233 2451 1503 2523 tantus
1555 2449 1858 2545 rugitus
1913 2454 1994 2527 et
2049 2450 2391 2545 mugitus
2446 2450 2538 2524 fit
2593 2450 2936 2525 omnium
2989 2451 3412 2545 hominum,
3461 2455 3543 2552 et
3577 2456 3850 2530 tantae
3889 2455 4114 2530 lacri-

1235 2593 1429 2663 mae,
1486 2575 1578 2646 ut
1631 2573 1981 2669 quamvis
2036 2573 2486 2647 durissimus
2541 2574 2782 2669 possit
2835 2574 3127 2651 moveri
3184 2576 3262 2649 in
3300 2575 3655 2668 lacrimiS‚
3694 2577 4111 2665 Dominum

1235 2719 1372 2794 pro
1426 2698 1646 2773 nobis
1700 2700 1926 2773 tanta
1979 2688 2453 2773 sustinuisse.
2509 2697 2739 2775 Lecto
2796 2721 2976 2794 ergo
3032 2700 3427 2796 evangelio
3482 2702 3645 2776 exit
3691 2704 4112 2799 episcopus,

1235 2823 1319 2894 et
1372 2820 1680 2896 ducitur
1733 2844 1907 2897 cum
1961 2823 2212 2919 ymnis
2268 2823 2366 2895 ad
2422 2822 2764 2913 Crucem,
2805 2826 2886 2897 et
2923 2824 3168 2897 omnis
3206 2826 3533 2920 populus
3571 2848 3744 2901 cum
3783 2826 3942 2900 1116.
3991 2824 4110 2898 Ibi

1236 2944 1487 3021 denuo
1543 2947 1826 3022 dicitur
1881 2971 2078 3021 unus
2132 2948 2492 3044 psalmus,
2552 2952 2633 3023 et
2688 2947 2779 3022 fit
2832 2950 3104 3024 oratio.
3164 2949 3370 3023 Item
3406 2951 3789 3026 benedicit
3827 2949 4109 3041 fideles,

1237 3073 1318 3146 et
1344 3070 1435 3146 fit
1464 3071 1694 3147 missa
1710 3063 1761 3146 ⁸.
1800 3073 1902 3147 Et
1938 3074 2266 3148 exeunte
2302 3071 2673 3169 episcopO,
2715 3095 2978 3148 omnes
3016 3073 3115 3148 ad
3151 3097 3466 3148 manum
3503 3075 3895 3150 accedunt.
3934 3074 4108 3149 Mox

1237 3201 1499 3274 autem
1551 3199 1825 3294 recipit
1879 3221 1958 3274 se
2013 3199 2404 3295 episcopus
2459 3198 2539 3272 in
2596 3198 2909 3273 domum
2963 3222 3205 3273 suam.
3265 3199 3522 3274 Etiam
3578 3222 3672 3275 ex
3726 3201 3861 3275 illa
3916 3200 4110 3274 hora

1109 3323 1182 3379 53
1234 3328 1734 3400 revertuntur
1769 3348 2029 3400 omnes
2067 3328 2564 3399 monazontes
2602 3325 2699 3399 ad
2737 3323 3198 3414 Anastasim,
3241 3328 3321 3399 et
3368 3327 3641 3421 psalmi
3692 3325 3702 3419 Ι
3752 3325 4114 3401 dicun-tur

1233 3452 1315 3526 et
1368 3451 1833 3549 antiphonae
1893 3473 2135 3547 usque
2190 3450 2290 3525 ad
2344 3451 2562 3525 lucem
2588 3442 2655 3525 ⁴:
2713 3454 2795 3526 et
2848 3454 3022 3526 cata
3060 3451 3396 3547 singulos
3446 3453 3779 3548 psalmos
3815 3451 3939 3527 vel
3976 3475 4111 3525 an·

1233 3574 1591 3670 tiphonas
1644 3575 1736 3649 fit
1789 3576 2083 3651 oratio:
2139 3573 2434 3651 vicibus
2489 3575 2695 3649 enim
2742 3552 3092 3669 ¹quotidie
3147 3574 3555 3668 presbiteri
3609 3579 3692 3649 613
3756 3575 4110 3650 diacones

1234 3698 1564 3794 vigilant
1617 3701 1713 3774 ad
1772 3699 2213 3775 Anastasim
2267 3722 2442 3776 cum
2495 3697 2775 3796 populo
2834 3700 2929 3775 de
2981 3698 3199 3774 laicis
3245 3700 3484 3774 etiam
3523 3699 3707 3775 viris
3746 3703 3886 3775 aut
3938 3724 4110 3774 mu·

1212 3823 1569 3899 lieribuS.
1627 3824 1709 3899 Si
1763 3825 1895 3920 qui
1953 3825 2227 3901 volunt
2272 3846 2513 3921 usque
2551 3824 2649 3898 ad
2685 3823 2958 3916 lucem,
2998 3824 3163 3899 loco
3203 3827 3427 3899 sunt:
3495 3824 3560 3899 si
3623 3825 3756 3921 qui
3800 3824 4106 3916 nolunt,

1234 3953 1736 4025 revertuntur
1789 3950 1868 4023 in
1925 3949 2188 4025 domos
2243 3973 2443 4041 6666,
2500 3952 2585 4024 613
2638 3952 3011 4047 reponent
3065 3971 3146 4025 se
3204 3949 3561 4025 dormite.
4078 3932 4089 3940 ⁸

1395 4073 1584 4148 Cum
1621 4074 1791 4150 luce
1827 4079 2115 4166 autem,
2154 4075 2338 4171 quia
2375 4076 2756 4150 dominica
2792 4075 2954 4151 dies
2991 4077 3132 4167 est,
3164 4077 3244 4151 et
3279 4074 3716 4171 proceditur
3753 4074 3832 4148 in
3869 4073 4105 4150 eccle·

1233 4198 1347 4272 sia
1400 4201 1714 4288 maiore,
1774 4182 2000 4295 quam
2066 4200 2250 4275 fecit
2317 4198 2901 4288 Constantinus;
2961 4221 3156 4296 quae
3210 4199 3523 4275 ecclesia
3586 4198 3666 4272 in
3724 4198 4109 4295 Golgotha

1237 4326 1358 4397 est
1392 4327 1567 4421 post
1605 4324 1921 4399 Crucem
1949 4316 2016 4397 ⁵:
2074 4302 2376 4400 613661113
2431 4327 2689 4400 omnia
2742 4324 3159 4401 secundum
3215 4323 3867 4417 consuetudinem,
3909 4344 4106 4419 quae

1393 4585 1412 4623 ¹
1455 4586 1867 4649 Recitationis
1893 4587 2083 4649 trium
2108 4587 2480 4667 psalmorum
2506 4585 2677 4648 horis
2717 4586 3045 4664 canonicis,
3076 4587 3249 4648 66166
3290 4585 3450 4648 ritus
3487 4584 3698 4648 nullus
3738 4582 3927 4647 testis
3966 4590 4108 4646 611136

1228 4685 1610 4747 Amalarium
1652 4685 1774 4765 (De
1815 4685 2008 4747 divin.
2049 4684 2152 4746 off.
2181 4684 2224 4746 l.
2252 4685 2367 4762 IV,
2396 4706 2527 4764 cap.
2557 4685 2641 4765 3),
2682 4685 2747 4746 ni
2785 4684 2986 4762 fallor,
3031 4692 3371 4765 supererat,
3400 4704 3561 4746 nunc
3599 4688 3886 4745 vetustas
3929 4701 4109 4759 agno·

1230 4784 1424 4846 scitur
1465 4790 1530 4846 et
1567 4783 1727 4845 ratio
1780 4783 1857 4843 ab
1887 4782 2149 4844 ecclesia
2174 4790 2425 4844 servata
2455 4781 2641 4864 (Vide
2685 4782 2873 4844 etiam
2917 4783 3273 4844 Cornelium
3302 4804 3339 4844 a
3369 4780 3627 4861 Lapide,
3672 4781 3749 4841 de
3789 4779 4106 4859 Psalmis).

1389 4878 1414 4915 ²
1456 4879 1560 4940 Sic
1600 4877 1733 4941 cod.
1776 4877 2302 4958 Thymiamateria
2344 4899 2420 4940 ex
2445 4898 2591 4940 auro
2618 4879 2946 4959 purissimo
2975 4879 3234 4941 donavit
3263 4877 3709 4951 Constantinus
3739 4875 4107 4955 quibusdam

1229 4976 1512 5039 ecclesiis
1553 4975 1733 5038 16666
1774 4994 1887 5037 666
1929 4973 2290 5054 aedificatis,
2333 4974 2602 5036 fortasse
2646 4975 2835 5037 etiam
2875 4974 3457 5055 hierosolymitanis.

1387 5073 1412 5110 ⁸
1453 5073 1650 5136 Missa
1689 5081 1834 5135 ante
1873 5073 2092 5151 lucem,
2135 5079 2319 5151 atque
2357 5081 2428 5134 ut
2468 5074 2722 5135 videtur
2763 5073 2842 5135 ad
2885 5074 3102 5135 Crucis
3144 5074 3512 5136 cubiculum.

1386 5171 1414 5206 ⁴
1450 5171 1655 5233 Huius
1695 5170 1868 5233 vocis
1909 5170 2122 5232 littera
2166 5191 2196 5232 c
2241 5176 2484 5232 tantum
2525 5177 2834 5251 superest,
2878 5177 2945 5232 at
2982 5170 3299 5231 restitutio
3343 5173 3428 5230 ad
3469 5173 3662 5230 lucem
3701 5175 3874 5231 certa
3914 5173 4030 5229 est.

1387 5266 1413 5303 ⁵
1453 5268 1799 5330 Ecclesiam
1832 5288 2114 5345 magnam
2156 5274 2221 5329 et
2261 5267 2605 5330 mirabilem
2648 5268 2853 5330 extrui
2891 5267 3082 5330 iussit
3118 5267 3557 5329 Constantinus
3585 5267 3651 5327 in
3678 5284 3751 5328 eo
3777 5265 3915 5326 1666
3942 5283 4111 5324 mon-

1225 5364 1402 5427 ticuli
1444 5364 1773 5445 Golgotha,
1813 5365 1921 5426 ubi
1960 5385 2182 5446 passus
2224 5373 2325 5427 est
2367 5365 2690 5428 Christus:
2755 5365 3015 5429 ecclesia
3064 5364 3313 5444 quidem
3367 5363 3561 5427 maior
3614 5368 3682 5425 et
3739 5361 4106 5441 Martyrium

1226 5462 1326 5543 (ut
1364 5463 1706 5542 Peregrina
1745 5463 1987 5545 scribit)
2028 5463 2474 5542 appellabatur,
2503 5471 2690 5543 atque
2717 5464 2923 5549 posita
2951 5469 3086 5526 erat
3111 5470 3255 5542 post
3284 5462 3498 5525 Crucis
3524 5461 3887 5537 cubiculum,
3915 5458 4106 5521 situm

1224 5562 1292 5623 in
1329 5561 1607 5640 basilica,
1647 5560 1730 5627 de
1770 5583 1893 5642 qua
1931 5562 2214 5643 superius
2253 5561 2541 5626 diximus.
