4642 6650
1068 3252 1136 3307 55

1180 745 1266 810 74
2164 771 2218 815 s.
2266 771 2528 817 eruum
2574 773 3069 821 Psasemm‘no

1174 1007 1477 1081 passus;
1508 987 1749 1062 malui
1777 1009 1959 1085 ergo
1996 991 2341 1085 perexire
2377 990 2583 1083 illuc,
2616 995 2707 1066 613
2742 992 3135 1084 stativam,
3189 1017 3422 1089 quam
3458 995 3762 1071 factura
3815 1019 4052 1089 eram,

1176 1111 1284 1185 ibi
1338 1101 1689 1188 facerem.
1738 1112 1858 1188 Ibi
1895 1135 2069 1189 cum
2108 1114 2205 1188 ad
2241 1118 2588 1190 sanctam
2628 1118 3020 1192 ecclesiam
3053 1121 3531 1211 pervenissem,
3573 1122 3766 1196 nihil
3804 1123 4055 1197 aliun-

1179 1238 1351 1311 dem
1386 1239 1534 1312 vidi
1568 1239 1715 1314 nisi
1755 1233 2265 1315 monasteria¹
2309 1242 2472 1317 sine
2509 1264 2826 1318 numero
2864 1247 3206 1319 virorum
3244 1268 3332 1321 ac
3371 1247 3802 1323 mulierum.
3852 1249 4055 1323 Nam

1176 1365 1437 1438 inveni
1473 1364 1581 1439 ibi
1609 1365 1944 1460 aliquam
1987 1366 2524 1442 amicissimam
2564 1369 2816 1460 michi,
2848 1373 2929 1444 et
2959 1371 3081 1444 cui
3111 1393 3375 1446 omnes
3404 1373 3482 1444 in
3514 1374 3808 1448 oriente
3833 1375 4055 1449 1366131-

1178 1489 1523 1562 monium
1550 1489 1903 1566 ferebant
1934 1491 2140 1566 vitae
2168 1492 2428 1587 ipsine,
2459 1498 2727 1569 sancta
2755 1494 3177 1569 diaconissa
3221 1496 3528 1570 nomine
3566 1497 3977 1572 Marthana
4003 1494 4053 1590 2,

1180 1636 1413 1710 quam
1469 1635 1611 1710 ego
1667 1616 1870 1711 apud
1926 1615 2456 1693 Ierusolimam
2509 1640 2900 1713 noveram,
2957 1619 3092 1693 ubi
3145 1620 3282 1693 illa
3357 1622 3610 1715 gratia
3681 1623 4055 1698 orationis

1181 1739 1670 1815 ascenderat:
1728 1741 1915 1817 haec
1970 1745 2236 1817 autem
2291 1744 2759 1818 monasteria
2813 1744 3348 1839 apudactitum
3378 1737 3405 1781 ³
3469 1768 3604 1821 666
3671 1749 4055 1843 virginum

1180 1865 1523 1960 regebat.
1582 1866 1790 1952 Quae
1843 1888 1969 1941 me
2024 1889 2198 1942 cum
2254 1868 2594 1960 vidisset,
2651 1869 2859 1964 quod
2909 1868 3277 1965 gaudium
3342 1870 3550 1943 illius
3615 1872 3739 1946 vel
3802 1892 4059 1945 meum

1181 2014 1343 2068 esse
1396 1992 1782 2088 potuerit?
1839 1993 2213 2089 numquid
2266 1994 2392 2070 vel
2446 1994 2774 2070 scribere
2830 1996 3180 2090 possum?
3238 1995 3386 2069 Sed
3439 1999 3534 2069 ut
3584 1995 3890 2070 redeam
3958 1995 4058 2068 ad

1181 2140 1368 2228 rem,
1424 2117 1894 2193 monasteria
1948 2139 2130 2213 ergo
2185 2120 2518 2214 plurima
2572 2123 2755 2194 66613
2808 2120 2916 2195 1161
2969 2142 3108 2216 per
3160 2121 3409 2216 ipsum
3478 2120 3773 2210 collem,
3842 2124 3923 2195 et
3975 2120 4059 2193 in

1184 2231 1433 2318 medio
1470 2266 1740 2317 murus
1767 2243 2058 2338 ingene,
2098 2245 2232 2339 qui
2269 2244 2596 2318 includit
2631 2245 3044 2335 ecclesiam,
3084 2246 3165 2318 in
3203 2268 3359 2341 qua
3394 2248 3513 2319 est
3550 2244 4053 2341 martyrium

1182 2367 1387 2465 quod
1439 2368 1904 2464 martyrium
1957 2368 2145 2442 satis
2201 2368 2606 2464 pulchrum
2643 2373 2783 2444 6613.
2826 2370 3240 2465 Propterea
3276 2372 3538 2444 autem
3577 2393 3842 2443 murus
3879 2370 4057 2443 mis-

1183 2516 1313 2568 sus
1369 2497 1488 2568 6613
1540 2493 1638 2566 ad
1693 2493 2264 2569 custodiendam
2321 2495 2717 2570 ecclesiam
2770 2498 3083 2591 propter
3134 2496 3503 2569 Hisauros
3531 2486 3581 2585 ⁴,
3650 2496 3830 2590 quia
3873 2496 4061 2569 satis

1186 2618 1371 2692 mali
1425 2621 1631 2710 sunt,
1690 2631 1772 2694 et
1824 2618 2267 2716 frequenter
2302 2620 2948 2710 latrunculantur,
2987 2642 3083 2695 ne
3120 2620 3324 2694 forte
3359 2624 3734 2696 conentur
3768 2620 4061 2715 aliquid

1186 2745 1437 2820 facere
1490 2744 1690 2820 circa
1742 2747 2323 2838 monasterium,
2379 2746 2584 2842 quod
2638 2748 2760 2820 est
2813 2746 2921 2820 ibi
2974 2746 3457 2842 deputatum,
3513 2744 3632 2819 Ibi
3670 2766 3850 2840 ergo
3888 2766 4063 2820 cum

1187 2869 1567 2947 venissem
1619 2869 1702 2942 in
1754 2869 2063 2945 nomine
2116 2870 2285 2962 Dei,
2342 2870 2550 2945 facta
2604 2870 2955 2946 oratione
3011 2870 3111 2944 ad
3165 2871 3649 2967 martyrium,
3715 2892 3853 2945 nec
3907 2892 4063 2943 non

1189 2997 1427 3072 etiam
1480 2999 1564 3071 et
1614 2996 1858 3070 lectus
1913 2997 2160 3071 omnis
2214 2999 2432 3071 actus
2486 2998 2796 3071 sanctae
2835 2996 3104 3071 Τ66166
3130 2987 3181 3087 ⁵,
3221 2995 3509 3092 gratias
3546 2994 3873 3069 Domino
3923 3016 4059 3069 no-

1189 3126 1351 3198 stro
1407 3123 1533 3218 egi
1584 3121 1961 3211 infinitas;
2019 3121 2151 3218 qui
2206 3121 2395 3195 mihi
2449 3121 2810 3217 dignatus
2866 3124 2983 3197 6613
3031 3120 3389 3217 indignae
3427 3122 3509 3195 613
3541 3141 3697 3194 non
3734 3119 4061 3193 merenti

1191 3250 1272 3324 in
1327 3248 1682 3323 omnibus
1736 3246 2110 3323 desideria
2164 3247 2564 3342 complere.
2607 3244 2718 3320 Ac
2753 3245 2858 3320 sic
2894 3267 3074 3342 ergo
3112 3244 3318 3320 facto
3357 3243 3464 3319 ibi
3517 3243 3752 3318 biduo
3811 3234 3820 3342 Ι
3881 3242 4063 3318 visis

1192 3375 1429 3452 etiam
1483 3374 1766 3449 sanctis
1821 3372 2236 3462 monachis,
2276 3372 2400 3446 vel
2457 3371 2921 3467 aputactites
2949 3366 2998 3463 ⁶,
3038 3373 3203 3444 tam
3241 3370 3426 3446 viris
3462 3392 3696 3465 quam
3732 3367 4061 3459 feminiS,

1192 3656 1273 3718 de
1300 3674 1373 3716 66
1402 3652 1560 3715 66116
1597 3650 1900 3731 loquitur:
1947 3673 1980 3710 ‹
2000 3650 2298 3714 verticem
2338 3650 2566 3713 montis
2606 3649 2898 3729 vicinum,
2940 3649 3045 3729 qui
3086 3648 3167 3711 ad
3206 3647 3527 3712 meridiem
3568 3646 3868 3726 adsurgit,
3898 3664 4072 3707 6666-
4114 3671 4123 3679 ·

1192 3772 1345 3833 pans
1368 3774 1423 3812 ».
1452 3750 1699 3811 Simeon
1724 3749 2033 3829 Metaphr.
2060 3748 2127 3810 in
2152 3747 2287 3810 vita
2313 3748 2623 3811 eiusdem:
2657 3773 2689 3808 ‹
2709 3769 2894 3810 unum
2920 3747 3158 3809 miliare
3186 3748 3264 3809 ab
3292 3747 3446 3809 urbe
3474 3745 3761 3808 discedit.
3785 3790 3802 3809 .
3826 3790 3841 3807 .
3865 3789 3881 3805 .
3907 3763 4074 3805 mon-

1195 3856 1322 3911 tem
1361 3846 1739 3924 conscendit,
1782 3845 1882 3907 cui
1923 3844 2214 3907 Calamon
2253 3845 2390 3907 sive
2430 3847 2721 3909 Rhodion
2761 3866 2984 3909 nomen
3025 3853 3161 3908 erat
3191 3870 3244 3905 ».

1359 3944 1378 3981 ¹
1411 3944 1563 4006 Ood.
1602 3946 1703 4005 Ibi
1744 3963 1884 4004 cum
1924 3946 2010 4004 ad
2049 3951 2329 4004 sanctam
2368 3946 2679 4007 ecclesiam
2719 3947 2881 4006 nihil
2920 3946 3235 4006 aliundem
3271 3947 3398 4004 nisi
3436 3944 3834 4002 wwnasteria.

1355 4044 1380 4081 ²
1407 4044 1504 4107 De
1527 4048 1740 4105 sancta
1764 4041 2117 4104 diaconissa
2143 4042 2490 4120 Marthana,
2517 4062 2675 4121 quae
2702 4043 2767 4103 in
2794 4042 3050 4104 civitate
3078 4040 3393 4102 Seleuciae
3420 4037 3859 4100 monasterium
3887 4054 3939 4098 s.
3962 4036 4074 4097 Τ6-

1196 4143 1331 4205 6166
1370 4142 1643 4220 regebat,
1684 4140 1855 4202 66116
1895 4141 1972 4202 ab
1996 4140 2440 4222 hagiographis
2469 4140 2711 4219 graecis
2740 4147 2804 4202 et
2832 4140 3064 4217 latinis,
3100 4138 3271 4199 nulla
3310 4158 3348 4199 6
3388 4126 3795 4216 scriptoribus
3825 4139 4075 4214 praeter

1196 4232 1500 4303 Basiliam
1542 4237 1860 4301 Seleuciae
1901 4239 2275 4319 episcopum,
2317 4238 2421 4317 qui
2449 4236 2661 4298 floruit
2686 4256 2843 4298 anno
2871 4237 3010 4312 440,
3041 4234 3207 4296 facta
3236 4240 3335 4295 6613
3373 4231 3622 4293 mentio.
3664 4231 3734 4291 Is
3774 4228 4072 4304 Basilius,

1198 4346 1524 4420 postquam
1561 4336 1642 4400 de
1668 4335 2043 4399 monasterio
2069 4335 2260 4399 verba
2285 4334 2454 4413 fecit,
2483 4334 2767 4414 feminas,
2794 4353 2951 4412 quae
3000 4331 3290 4411 vestigiis
3340 4329 3403 4392 S.
3431 4326 3660 4391 Τ66166
3691 4325 4071 4399 institerunt,

1199 4447 1271 4501 ut
1307 4437 1570 4499 maxima
1608 4436 1832 4515 dignas
1872 4436 2055 4498 laude
2096 4434 2478 4511 memoravit,
2509 4454 2585 4495 ex
2624 4433 2846 4512 quibus
2885 4432 3144 4512 primam
3182 4427 3570 4490 Marthanam
3612 4425 3860 4487 dicens:
3906 4447 3938 4482 ‹
3958 4442 4076 4485 666

1200 4537 1463 4600 feminas
1522 4543 2004 4618 praetereamus,
2051 4534 2442 4597 Marthanam
2484 4531 2886 4622 (ἲίαρθάναν),
2928 4525 3420 4605 Xenarchidem,
3460 4523 3825 4603 Dionysiam
3882 4521 4073 4598 111616,

1202 4635 1560 4712 Susannam,
1602 4640 1963 4711 ceterasque
1991 4655 2048 4694 ι.
2092 4631 2245 4694 Cum
2270 4630 2599 4691 Marthana
2625 4628 2690 4689 in
2716 4628 2997 4706 catalogo
3026 4624 3250 4688 Basilii
3274 4623 3474 4704 prima
3509 4628 3803 4697 occurrat,
3833 4626 4075 4681 ceterae

1203 4733 1471 4798 fortasse
1499 4740 1645 4814 post
1681 4733 1854 4794 illam
1891 4753 2005 4811 per
2044 4730 2213 4794 vices
2252 4728 2454 4791 officio
2495 4726 2817 4808 regiminis
2844 4725 3092 4786 functae
3134 4729 3294 4799 66613,
3323 4741 3577 4801 quarum
3603 4730 3728 4782 no'n
3768 4718 3949 4780 modo
3976 4738 4079 4798 ge-

1204 4840 1323 4911 sta,
1367 4833 1479 4894 sed
1518 4830 1766 4893 nomina
1805 4830 1993 4893 etiam
2032 4831 2478 4909 ignoraremus,
2520 4825 2647 4888 nisi
2687 4845 2761 4889 66
2799 4822 3075 4885 Basilius
3116 4825 3674 4884 commemorasset.

1366 4930 1393 4967 ³
1420 4928 1621 5009 Lege:
1663 4934 2086 5006 apotactitwn,
2125 4925 2273 4988 vide
2311 4925 2479 4986 infra
2519 4923 2725 4985 adnot.
2766 4924 2824 4982 6.

1368 5030 1396 5064 ⁴
1418 5025 1623 5089 Isauri
1661 5032 1884 5086 natura
1923 5031 1988 5085 et
2028 5029 2162 5085 arte
2186 5022 2533 5103 praedones
2560 5038 2809 5083 romano
2834 5018 3093 5099 imperio
3123 5035 3368 5095 semper
3395 5013 3630 5093 infesti,
3660 5012 3943 5093 quamvis
3970 5010 4077 5072 do·

1206 5126 1363 5191 miti.
1379 5126 1504 5188 Sub
1528 5123 1891 5186 Constantio
1914 5129 1977 5184 et
1988 5122 2253 5184 Valente
2275 5122 2340 5182 in
2359 5120 2654 5181 finitimas
2676 5117 2963 5195 regiones
2984 5114 3369 5175 incursiones
3390 5109 3610 5187 fecere,
3625 5130 3840 5174 verum
3860 5116 4081 5189 postea

1209 5230 1509 5303 regnante
1543 5220 1892 5283 Theodosio
1921 5221 1999 5282 ab
2024 5218 2470 5298 irruptionibus
2498 5235 2826 5297 parumper
2850 5213 3142 5277 videntur
3169 5209 3566 5273 abstinuisse.
3597 5208 3692 5271 cf.
3723 5208 4075 5285 Tillemont,

1212 5326 1377 5384 Hist.
1421 5326 1528 5382 des
1568 5324 1753 5398 Emp.
1798 5319 1869 5380 Τ.
1911 5320 1989 5395 V,
2030 5338 2089 5396 p.
2135 5319 2231 5396 90,
2278 5317 2412 5394 105,
2454 5317 2592 5377 475.

1370 5419 1396 5456 ⁵
1423 5420 1585 5481 Acta
1624 5419 1687 5479 S.
1726 5416 1951 5479 Τ66166
1993 5416 2072 5477 ab
2113 5415 2379 5477 ecclesia
2417 5419 2489 5474 ut
2528 5411 2880 5492 apocrypha
2919 5409 3359 5488 improbantur.

1287 5540 1298 5545 ·
1373 5517 1399 5555 ⁶
1426 5515 1845 5598 Aputactites,
1868 5513 2259 5594 apotactitae,
2287 5532 2380 5590 gr.
2413 5512 2862 5591 ἀποτακτίται,
2895 5506 3000 5586 qui
3026 5505 3192 5568 omni
3232 5504 3506 5567 carnium
3548 5524 3777 5585 genere
3816 5503 4083 5581 vinoque

1217 5613 1640 5694 abstinebant,
1703 5611 2047 5676 mirandum
2096 5608 2519 5691 poenitentiae
2574 5605 2919 5687 exemplum
2979 5603 3331 5667 hominibus
3378 5604 3731 5682 praebuere.
3790 5601 4080 5678 Plerique
