4642 6650
1466 753 1557 799 An
1603 753 1776 799 LocA
1821 753 2077 801 smera
2122 754 2233 802 Ars.
2279 759 2484 803 ass-sas
3330 744 3417 810 47

524 971 1002 1045 monasteria
1057 969 1214 1044 sint
1269 992 1445 1046 cum
1498 971 1875 1046 militibus
1926 975 2008 1048 et
2059 974 2539 1070 praepositis,
2577 976 2710 1072 qui
2745 999 2884 1052 nos
2938 978 3424 1055 deducebant

523 1117 831 1192 semper
870 1095 963 1170 de
993 1098 1244 1170 castro
1273 1096 1372 1170 ad
1409 1098 1770 1171 castrum.
1802 1096 1893 1170 In
1922 1118 2012 1172 eo
2041 1119 2222 1194 ergo
2253 1099 2529 1175 itinere
2559 1102 2828 1194 sancti,
2860 1103 2993 1198 qui
3019 1104 3420 1180 nobiscum
3527 1115 3537 1124 '

530 1223 777 1308 erant,
832 1221 979 1297 hoc
1032 1224 1153 1296 est
1205 1221 1458 1297 clerici
1491 1221 1616 1297 vel
1647 1223 2024 1315 monachi,
2064 1224 2573 1300 ostendebant
2607 1227 2827 1301 nobis
2875 1229 3177 1325 singula
3216 1230 3408 1322 loca,

525 1367 726 1443 quae
763 1367 1065 1442 semper
1101 1368 1240 1442 ego
1280 1346 1501 1420 iuxta
1540 1347 1953 1443 scripturas
1989 1348 2497 1444 requirebam.
2527 1350 2730 1425 Nam
2768 1352 2923 1427 alia
2957 1352 3039 1427 in
3076 1353 3410 1448 sinistro,

527 1470 682 1544 alia
735 1472 816 1545 in
873 1471 1144 1546 dextro
1202 1471 1295 1546 de
1351 1471 1630 1548 itinere
1685 1472 1906 1547 nobis
1961 1476 2207 1565 erant,
2267 1474 2423 1549 alia
2477 1475 2715 1550 etiam
2763 1477 3064 1575 longius
3112 1479 3205 1556 de
3257 1480 3416 1575 via,

529 1596 687 1670 alia
738 1595 823 1669 in
876 1597 1246 1692 proximo.
1304 1594 1508 1670 Nam
1561 1596 1753 1671 mihi
1809 1597 2070 1674 credat
2124 1598 2299 1673 volo
2358 1600 2658 1675 affectio
2715 1604 2995 1694 vestra,
3037 1607 3414 1698 quantum

527 1724 791 1796 tamen
844 1720 1241 1816 previdere
1293 1721 1538 1817 potui,
1614 1720 1811 1796 filios
1866 1721 2107 1797 Israel
2173 1723 2280 1799 sic
2363 1701 2820 1818 ambulasse,
2885 1729 2979 1800 ut
3033 1726 3415 1823 quantum

526 1846 732 1921 irent
800 1846 1092 1937 dextra,
1153 1847 1465 1919 tantum
1528 1849 2103 1922 reverterentur
2164 1847 2512 1923 sinistra:
2569 1852 2949 1945 quantum
3024 1851 3274 1926 denuo
3330 1852 3414 1926 in

529 1973 711 2045 ante
765 1971 1011 2061 ibant,
1069 1972 1383 2043 tantum
1438 1968 1689 2045 denuo
1725 1972 1932 2046 retro
1961 1972 2588 2047 revertebantur:
2620 1975 2703 2046 et
2731 1974 2837 2048 sic
2873 1972 3117 2050 fecere
3158 1976 3406 2071 ipsum

528 2095 701 2186 iter,
735 2095 973 2170 donec
1007 2095 1501 2191 pervenirent
1536 2095 1635 2169 ad
1671 2117 1882 2171 mare
1919 2097 2264 2185 rubrum.
2294 2094 2499 2170 Nam
2535 2099 2617 2172 et
2644 2097 3070 2193 Epauleum
3096 2090 3119 2134 ¹
3154 2088 3409 2175 osten-

530 2244 700 2296 sum
731 2224 852 2297 est
877 2221 1120 2313 nobis,
1151 2221 1243 2297 de
1280 2224 1547 2297 contra
1573 2224 1861 2313 tamen,
1892 2226 1973 2296 et
1999 2223 2442 2319 Magdalum
2471 2221 2782 2298 fuimus.
2832 2224 3033 2299 Nam
3069 2228 3410 2300 castrum

529 2350 650 2423 est
702 2347 812 2420 ibi
864 2368 1068 2422 nunc
1121 2346 1409 2422 habens
1463 2347 1987 2444 praepositum
2042 2370 2216 2422 cum
2270 2347 2541 2439 milite,
2599 2349 2734 2444 qui
2779 2348 2894 2453 ibi
2930 2372 3132 2424 nunc
3186 2373 3403 2447 prae-

529 2473 728 2548 sidet
779 2495 917 2569 pro
972 2472 1369 2568 disciplina
1432 2495 1949 2547 romanorum.
1990 2472 2194 2548 Nam
2230 2476 2313 2547 et
2349 2496 2487 2548 nos
2523 2473 2744 2548 iuxta
2781 2474 3411 2552 consuetudinem

533 2600 1018 2674 deduxerunt
1045 2597 1221 2672 inde
1268 2620 1507 2694 usque
1535 2598 1632 2671 ad
1662 2597 1874 2672 aliud
1902 2601 2263 2690 castrum,
2305 2601 2387 2673 et
2424 2598 2971 2696 Ioebelsephon
3024 2604 3418 2677 ostensum

533 2728 652 2801 est
704 2723 956 2799 nobis:
1014 2724 1247 2797 immo
1302 2724 1385 2797 in
1439 2744 1528 2798 66
1582 2723 1750 2799 1666
1804 2724 2118 2798 fuimus.
2174 2723 2378 2799 Nam
2432 2723 2591 2820 ipse
2646 2727 2765 2799 est
2817 2747 3127 2822 campus
3184 2749 3414 2822 supra

539 2872 750 2925 mare
802 2849 1147 2940 rubrum,
1204 2849 1426 2922 iuxta
1497 2849 1705 2923 latus
1759 2849 2068 2942 montis,
2108 2870 2338 2945 quem
2392 2849 2739 2946 superius
2777 2849 2936 2923 dixi
2975 2840 3028 2942 ²,
3084 2849 3220 2925 ubi
3275 2850 3413 2925 filii

539 2974 801 3065 Israel,
859 2995 1034 3048 cum
1087 2971 1458 3048 vidissent
1510 2972 1881 3069 Egyptios
1916 2975 2091 3069 post
2128 2994 2206 3048 se
2242 2973 2663 3065 venienteS‚
2714 2974 3340 3050 exclamaverunt
3364 2967 3415 3050 ³.

546 3099 751 3174 Oton
786 3090 815 3133 ⁴
868 3099 1105 3174 etiam
1143 3102 1535 3173 ostensum
1571 3100 1692 3172 est
1727 3099 1971 3191 nobis,
2012 3100 2216 3195 quod
2253 3101 2372 3173 est
2398 3099 2619 3173 iuxta
2657 3099 2961 3175 deserta
2987 3100 3178 3190 loca,
3217 3100 3419 3175 sicut

538 3222 918 3321 scriptum
981 3224 1135 3297 est:
1193 3243 1334 3298 1166
1387 3244 1542 3296 11611
1606 3222 1844 3297 etiam
1899 3225 1981 3299 et
2036 3221 2407 3299 Socchoth
2446 3212 2498 3298 ⁵.
2557 3221 2929 3299 Socchoth
2984 3227 3249 3299 autem
3295 3225 3415 3299 est

534 3524 605 3568 se
632 3503 1133 3585 sejungebantur,
1156 3504 1247 3565 ita
1271 3509 1343 3564 ut
1370 3501 1742 3565 conficerent
1768 3502 1833 3564 in
1859 3508 1990 3565 toto
2012 3502 2209 3564 millia
2228 3501 2485 3564 LXXX
2504 3503 2607 3564 vel
2629 3501 2969 3582 LXXXX,
2994 3500 3236 3565 scilicet
3265 3500 3427 3563 illud

534 3602 674 3665 viae
714 3601 989 3681 spatium
1028 3599 1194 3678 quod
1232 3599 1399 3662 inter
1440 3598 1694 3679 Clysma
1734 3606 1799 3660 et
1837 3599 2133 3661 Arabiam
2173 3598 2526 3661 intercedit.

700 3700 719 3736 ¹
749 3699 1031 3761 Primum
1067 3698 1223 3760 mari
1263 3699 1450 3760 rubro
1491 3698 1836 3778 proximum
1878 3698 2221 3777 Epauleum
2262 3698 2601 3764 Ἐπαὺλεον
2645 3698 2994 3779 collocatur,
3041 3705 3114 3760 ut
3169 3705 3418 3777 septua-

536 3801 711 3880 ginta
768 3819 993 3861 nomen
1054 3799 1389 3860 hebraeum
1444 3804 1762 3859 verterunt
1814 3795 2244 3875 Phihahiroth,
2301 3795 2469 3874 quod
2522 3796 2832 3878 interpres
2873 3797 3105 3859 latinus
3145 3797 3422 3859 retinuit.

536 3898 731 3960 Exod.
773 3898 954 3977 XIV,
996 3900 1068 3959 2:
1115 3920 1147 3955 ε
1175 3896 1439 3960 Reversi
1480 3902 1994 3958 castrametentur
2033 3916 2068 3957 e
2116 3896 2374 3975 regione
2423 3895 2855 3976 Phihahiroth,
2899 3916 3055 3975 quae
3113 3907 3213 3957 est
3261 3896 3426 3957 inter

534 3995 897 4075 Magdalum
955 4002 1021 4058 et
1071 4015 1239 4056 mare
1290 4002 1506 4056 contra
1559 3994 1985 4075 Beelsephon:
2025 3994 2091 4055 in
2138 4001 2475 4073 conspectu
2515 3994 2651 4056 eius
2693 3999 2900 4055 castra
2946 3994 3197 4075 ponetis
3239 4013 3427 4073 super

536 4115 705 4157 mare
734 4117 792 4156 ι.
832 4093 1406 4173 Interpunctionem
1447 4092 1695 4171 quidem
1738 4092 1970 4154 codicis
1998 4092 2089 4152 ita
2117 4092 2497 4171 accepimus:
2545 4114 2577 4149 ‹
2605 4091 2947 4171 Epauleum
2989 4099 3306 4153 ostensum
3328 4098 3432 4153 est

537 4193 742 4254 nobis.
761 4191 840 4254 de
864 4199 1078 4254 contra
1098 4199 1306 4253 tamen
1326 4198 1393 4253 et
1413 4190 1769 4270 Magdalum
1796 4189 2025 4252 fuimus
2039 4214 2093 4251 ».
2118 4189 2243 4252 Sed
2264 4190 2343 4250 ad
2368 4210 2503 4252 eam
2524 4190 2952 4269 corrigendam
2975 4189 3335 4252 adducimur
3358 4211 3434 4252 ex

541 4311 766 4370 graeca
792 4288 1106 4351 versione:
1137 4290 1435 4354 ἀπέναντι
1483 4299 1598 4364 τῆς
1648 4289 1979 4372 ἐπαύλεως,
2024 4288 2092 4349 1(1
2141 4294 2241 4351 est
2292 4295 2507 4348 contra
2548 4289 2778 4349 villam.
2827 4288 3138 4350 Eusebius
3188 4307 3428 4368 quoque

541 4389 621 4471 (0.
651 4409 706 4450 6.
734 4388 815 4450 ad
843 4388 929 4469 v.)
961 4408 1038 4449 ex
1077 4388 1253 4449 Iroth
1292 4386 1455 4449 filios
1496 4387 1694 4448 Israel
1734 4407 1902 4449 mare
1942 4388 2195 4447 rubrum
2236 4384 2684 4447 transfretasse
2724 4384 2962 4447 scribit.

698 4485 723 4521 ²
749 4485 1142 4565 Beelsephon
1180 4505 1432 4566 campus
1462 4492 1597 4547 erat
1625 4504 1813 4565 supra
1838 4505 2006 4547 mare
2034 4485 2287 4545 rubrum
2304 4485 2487 4563 juxta
2513 4484 2675 4546 latus
2704 4483 2937 4546 montis
2963 4484 3223 4563 Athaca,
3252 4484 3430 4547 cuius
3483 4561 3490 4566 ,

538 4584 1016 4665 descriptionem
1038 4604 1116 4646 ex
1134 4583 1367 4646 chartis
1389 4584 1621 4646 codicis
1643 4603 1802 4645 nunc
1824 4582 2122 4645 descissis
2145 4583 2376 4644 Petrus
2398 4581 2572 4644 Diac.
2594 4581 2776 4643 nobis
2798 4582 3108 4644 servavit:
3131 4603 3428 4663 quaprop-

538 4689 637 4744 ter
662 4682 743 4744 ad
769 4684 1011 4744 laevam
1037 4681 1282 4744 itineris
1311 4689 1550 4762 partem
1579 4702 1617 4743 a
1643 4681 1973 4762 peregrina
1992 4679 2330 4757 visebatur,
2361 4699 2517 4758 quae
2556 4679 2862 4741 communi
2904 4680 3155 4742 tramite
3198 4679 3435 4742 deflexa

537 4781 742 4842 locum
780 4780 983 4860 ipsum
1025 4779 1211 4841 adiit:
1255 4799 1403 4860 ergo
1446 4781 1528 4842 ad
1569 4781 1703 4860 ejus
1746 4780 2061 4841 dexteram
2102 4779 2354 4840 extabat
2393 4776 2823 4857 Phihahiroth,
2873 4797 3062 4856 quum
3100 4777 3166 4840 in
3208 4777 3424 4840 Exodo

541 4878 840 4958 scriptum
882 4887 1055 4941 esset
1097 4879 1301 4959 (XIV,
1343 4879 1439 4959 9).
1488 4901 1520 4936 ‹
1549 4878 1616 4940 in
1653 4876 2067 4939 Phihahiroth
2109 4884 2326 4938 contra
2363 4876 2759 4956 Beelsephon
2790 4899 2844 4937 ».

706 4975 731 5012 ³
758 4976 954 5038 Exod.
995 4976 1176 5054 XIV,
1208 4979 1317 5038 101
1364 4999 1396 5034 ‹
1423 4975 1740 5038 Levantes
1779 4976 1893 5037 6111
1934 4976 2135 5038 Israel
2176 4976 2404 5055 oculos,
2434 4975 2725 5038 viderunt
2763 4974 3115 5056 Aegyptios
3154 4981 3299 5054 post
3326 4995 3433 5040 se:

543 5081 608 5137 et
648 5076 985 5135 timuerunt
1021 5073 1235 5138 valde:
1276 5075 1812 5153 clamaveruntque
1854 5074 1934 5136 ad
1974 5074 2307 5136 Dominum
2339 5097 2395 5136 ».

702 5173 728 5206 ⁴
756 5171 919 5232 Oton
956 5170 1251 5233 videlicet
1290 5171 1534 5250 Etham,
1576 5171 1642 5232 in
1683 5171 1877 5233 Exod.
1919 5172 2111 5249 ΧΙΠ,
2151 5173 2264 5232 201
2312 5192 2345 5227 ‹
2367 5168 2767 5249 Profectique
2824 5170 2903 5233 de
2947 5169 3177 5233 Socoth
3225 5177 3435 5233 castra

540 5268 760 5330 metati
798 5276 947 5330 sunt
989 5269 1054 5330 111
1091 5269 1338 5348 Etham,
1378 5271 1446 5331 in
1486 5271 1782 5332 extremis
1822 5269 2052 5331 finibus
2103 5268 2463 5331 solitudinis
2495 5292 2552 5330 ».

707 5369 733 5405 ⁵
765 5367 1091 5458 Σοκχωθά,
1131 5368 1331 5448 prima
1368 5368 1605 5430 mansio
1645 5368 1912 5430 filiorum
1938 5368 2135 5430 Israel
2165 5387 2199 5429 e
2226 5367 2566 5429 Ramesse:
2608 5366 2861 5429 difficile
2901 5372 3087 5445 atque
3121 5367 3433 5429 incertum

544 5463 835 5546 expedire
875 5465 954 5528 de
994 5485 1114 5544 qua
1150 5466 1317 5529 valle
1353 5466 1456 5528 hic
1494 5466 1777 5544 quaestio
1820 5473 2071 5545 agatur;
2111 5485 2234 5527 non
2272 5466 2459 5544 longe
2498 5472 2572 5527 ut
2609 5464 2861 5527 videtur
2902 5483 2940 5525 a
2966 5462 3239 5544 Phitom,
3264 5462 3431 5542 quod

545 5587 688 5629 mox
714 5566 1011 5645 sequitur.
