4642 6650
1585 720 1676 764 nn
1722 718 2075 765 ursrmms
2121 720 2210 765 Εἰ·
2256 720 2474 765 mmm
3424 704 3462 767 5

588 938 815 1014 fidem
868 939 1121 1030 rebuS,
1180 942 1261 1014 et
1297 932 1948 1035 praeformatum¹
1991 962 2082 1014 ex
2122 960 2200 1013 se
2240 939 2317 1013 id
2356 942 2535 1032 quod
2588 939 2669 1012 in
2726 940 2971 1030 altero
3027 939 3463 1033 gerebatur,

592 1065 951 1139 ostendit.
992 1065 1181 1139 Cum
1236 1067 1437 1140 enim
1474 1067 1794 1140 verbum
1831 1065 2171 1157 fact(um)
2213 1065 2315 1138 sit
2364 1087 2562 1156 caro,
2621 1068 2701 1138 et
2756 1063 3067 1139 ecclesia
3123 1065 3466 1137 membra

591 1193 694 1265 sit
749 1190 1052 1293 Christi,
1112 1214 1306 1287 quae
1363 1215 1456 1266 ex
1510 1192 1753 1266 latere
1809 1194 1971 1266 eius
2029 1195 2110 1264 et
2164 1215 2300 1286 per
2359 1215 2634 1285 aquam
2692 1194 2902 1281 nata,
2944 1193 3024 1264 et
3078 1190 3466 1265 vivificata

587 1337 725 1411 per
762 1318 1211 1411 sanguinem
1250 1317 1391 1389 sit:
1432 1338 1884 1411 rursumque
1922 1338 2121 1407 caro,
2162 1318 2239 1388 in
2282 1338 2508 1410 quarn
2549 1315 2872 1389 verbum
2919 1318 3100 1389 ante
3165 1314 3467 1389 saecula

591 1463 932 1532 1116116116,
990 1441 1194 1537 611οᾱ
1250 1444 1369 1515 est
1424 1441 1627 1514 filius
1666 1442 1829 1531 Dei,
1870 1445 2144 1514 natum
2184 1441 2308 1531 sit,
2350 1461 2483 1534 per
2534 1443 3098 1513 sacramentum
3153 1441 3467 1514 maneat

590 1566 671 1639 in
725 1567 986 1654 nobis;
1044 1567 1395 1641 absolute
1435 1567 1695 1642 docuit
1729 1568 1809 1640 in
1850 1566 2097 1641 Adam
2135 1569 2369 1662 atque
2407 1566 2649 1641 Evam
2699 1588 2915 1639 suam
2973 1568 3053 1639 et
3108 1566 3465 1639 ecclesiae

588 1692 909 1787 speciem
966 1693 1360 1782 contineri,
1420 1717 1653 1789 quam
1708 1692 1977 1765 mortis
2034 1714 2217 1765 suae
2273 1713 2538 1765 somno
2577 1681 2605 1723 ²
2638 1692 3073 1782 vim'ficatam,
3133 1689 3464 1764 sanctifi-

591 1819 842 1890 catam
902 1839 1063 1892 esse
1118 1817 1366 1891 carnis
1431 1840 1616 1892 suae
1679 1818 2207 1892 communione
2263 1815 2658 1912 significet.
2723 1814 3100 1910 Loquitur
3162 1836 3463 1911 quoque

585 1941 783 2015 idem
823 1964 958 2037 per
995 1943 1428 2037 apostolum
1466 1937 1530 2015 ³:
1599 1946 1631 1978 “
1671 1942 2043 2028 Quoniam
2100 1940 2351 2014 Adam
2408 1963 2561 2014 non
2615 1940 2961 2036 peccavit
3003 1940 3134 2015 sed
3188 1940 3464 2013 mulier

584 2089 899 2169 peccans
952 2068 1557 2163 transgressione
1605 2067 1614 2160 Ι
1666 2067 1838 2141 fuit.
1917 2067 2360 2142 Salvabitur
2432 2068 2696 2140 autem
2770 2068 3082 2161 propter
3133 2065 3463 2139 filiorum

586 2192 1215 2286 procreationem,
1293 2194 1357 2265 61
1430 2195 1696 2265 16111611
1769 2193 1851 2265 111
1924 2191 2150 2266 fidem
2224 2190 2649 2264 manserint
2695 2245 2760 2277 „.
2837 2188 3171 2264 Ecclesia
3224 2188 3465 2283 igitur

586 2338 677 2390 ex
733 2317 1158 2411 publicanis
1213 2320 1294 2392 et
1348 2318 1870 2414 peccatoribus
1910 2320 1990 2391 et
2027 2316 2386 2412 gentibus
2426 2318 2565 2405 est,
2606 2314 2766 2388 solo
2807 2335 2944 2388 suo
3000 2313 3327 2387 secundo
3384 2317 3464 2386 et

586 2441 860 2516 celeste
914 2442 1163 2516 Adam
1200 2465 1355 2516 non
1392 2446 1792 2539 peccante:
1832 2443 1995 2538 ipsa
2032 2440 2437 2537 peccatriX,
2479 2460 2617 2534 per
2652 2438 3230 2535 generationem
3269 2437 3460 2510 filio-

584 2590 756 2640 rum
822 2566 900 2641 in
965 2567 1114 2643 fide
1176 2568 1655 2642 manentium
1715 2567 1863 2642 erit
1917 2567 2153 2641 salva.
2223 2564 2626 2639 Caeterum
2694 2563 3024 2658 intelligi
3098 2563 3254 2635 iam
3307 2584 3462 2635 non

586 2692 968 2782 convenit,
1028 2691 1231 2787 quod
1286 2692 1564 2766 mulier
1621 2714 1773 2765 non
1813 2694 1917 2765 sit
1953 2714 2000 2764 a
2036 2693 2345 2786 peccato
2384 2711 2522 2762 suo
2562 2687 2957 2782 redempta
3011 2709 3147 2782 per
3201 2686 3459 2760 Domi-

583 2837 809 2904 num3
863 2820 948 2914 ¹et
1003 2817 1381 2912 superflue
1436 2817 1985 2912 baptizabitur,
2043 2816 2106 2889 si
2162 2815 2406 2910 magis
2464 2814 2739 2888 merito
2796 2814 3063 2908 partus
3119 2811 3222 2885 sit
3277 2810 3460 2886 libe-

582 2940 864 3015 randa:
922 2942 1051 3016 sed
1105 2965 1203 3017 ne
1258 2966 1391 3039 per
1429 2944 1673 3039 ipsam
1713 2942 2018 3038 quidem
2058 2942 2392 3016 filiorum
2429 2940 3001 3037 generationem
3056 2939 3205 3013 erit
3259 2940 3459 3029 tuta,

583 3089 757 3141 curn
812 3068 1027 3144 salva
1082 3088 1236 3143 non
1291 3069 1440 3160 sit,
1499 3070 1670 3161 nisi,
1731 3069 1863 3163 qui
1917 3069 2159 3165 geniti
2215 3071 2425 3159 sunt,
2483 3066 2745 3141 fideles
2800 3063 3320 3161 perstiterint;
3382 3067 3463 3137 et

582 3192 835 3267 nescio
893 3216 1169 3289 quae...
1212 3188 1401 3268 *cum
1457 3195 1560 3268 sit
1615 3196 1865 3269 alieno
1924 3198 2063 3268 aut
2117 3197 2429 3290 peccato
2485 3215 2696 3267 ream
2751 3192 2939 3267 effici
2995 3194 3135 3263 aut
3186 3190 3464 3263 merito

581 3320 1061 3396 innocentem
1087 3311 1137 3395 ⁴.
1182 3313 1331 3396 Sed
1368 3323 1545 3396 tuto
1584 3321 2056 3418 spiritalibus
2098 3319 2475 3418 spiritalia
2531 3319 3082 3415 comparanteS,
3124 3317 3240 3390 ita
3295 3338 3460 3390 sen-

581 3445 888 3537 116111116,
948 3447 1276 3521 maxime
1331 3439 1822 3542 apostolum⁵
1876 3451 2096 3543 gesta
2152 3446 2410 3541 magni
2468 3447 2551 3518 in
2618 3444 2862 3518 Adam
2921 3445 3152 3537 atque
3221 3441 3464 3515 Evam

584 3570 931 3666 mysterii
972 3570 1254 3645 referre
1294 3593 1386 3646 ea
1411 3563 1440 3605 ⁶
1478 3571 1575 3644 ad
1614 3571 2001 3645 Christum
2039 3573 2272 3666 atque
2311 3569 2406 3643 ad
2448 3567 2835 3642 ecclesiam
2873 3565 3459 3661 praedicantem.

582 3694 683 3767 Et
718 3695 905 3769 haec
944 3693 1250 3791 quidem
1288 3696 1402 3770 ita
1439 3718 1577 3770 nos
1618 3696 1977 3770 convenit
2007 3695 2102 3767 ab
2135 3716 2223 3768 eo
2255 3692 2705 3789 spiritaliter
2737 3691 2940 3765 dicta
2978 3690 3422 3796 existimare
3439 3708 3458 3774 ;

580 3823 672 3893 ut
726 3842 880 3894 non
936 3821 1187 3893 minus
1245 3821 1343 3895 ad
1397 3824 1873 3917 praesentem
1931 3820 2386 3908 doctrinam,
2444 3821 2524 3892 et
2580 3816 2676 3890 ad
2715 3838 3002 3904 eorum,
3053 3836 3242 3909 quos
3299 3834 3456 3885 mo-

580 3945 856 4037 nebat,
914 3946 1485 4021 institutionem
1542 3969 1790 4050 sermo
1846 3945 2285 4020 referendus
2361 3943 2511 4017 sit:
2570 3963 2902 4037 namque
2957 3939 3458 4034 multiplicem

578 4070 1166 4145 misericordiam
1227 4071 1369 4145 Dei
1423 4072 1503 4145 in
1541 4094 1654 4161 66,
1696 4093 1890 4166 61166
1934 4070 2030 4144 ad
2069 4068 2502 4144 Corinthios
2541 4067 2786 4162 prima
2841 4068 2980 4155 est,
3038 4066 3118 4137 in
3176 4062 3455 4137 sancti-

578 4194 890 4271 ficandis
943 4219 1078 4291 per
1133 4198 1485 4293 coniugia
1538 4196 1882 4271 fidelium
1936 4194 2368 4269 infidelibus
2425 4191 2909 4287 praedicans:
2980 4190 3103 4262 hic
3157 4208 3455 4283 quoque

578 4343 715 4415 per
768 4322 1373 4416 procreationem
1429 4322 1929 4412 credentium,
1987 4322 2254 4394 tamen
2308 4317 2644 4391 filiorum
2699 4315 3130 4389 istiusmodi
3175 4314 3453 4387 sancti-

578 4445 1012 4521 ficationem
1067 4448 1329 4522 docuit
1384 4447 1878 4543 largiendam,
1938 4448 2028 4518 ut
2067 4442 2704 4539 quemadmodum
2759 4443 2984 4514 unius
3039 4439 3281 4513 fidelis
3336 4461 3452 4512 so-

577 4571 812 4646 cietas
866 4572 1258 4668 prodesset
1321 4596 1455 4668 per
1529 4571 1965 4666 coniugium
2040 4569 2329 4642 infideli
2352 4590 2371 4656 ;
2446 4569 2561 4641 ita
2635 4566 2975 4641 fidelium
3028 4563 3453 4661 procreatio

576 4696 1009 4775 infidelibus
1065 4700 1530 4775 subveniret.
1575 4696 2108 4772 Contuendum
2144 4696 2377 4770 etiam
2418 4694 2612 4767 illud
2651 4696 2770 4767 est
2805 4694 2887 4765 in
2922 4691 3135 4766 Adae
3191 4671 3453 4765 somno

577 4826 809 4920 atque
865 4823 1075 4899 Evae
1130 4823 1657 4918 corporatione
1699 4821 1976 4896 occulti
2016 4822 2096 4894 in
2135 4820 2434 4893 Christo
2484 4822 2564 4892 et
2601 4819 2681 4891 in
2737 4817 3051 4891 ecclesia
3106 4814 3455 4912 mysterii

577 4953 1180 5040 sacramentum,
1240 4951 1319 5022 in
1375 4971 1464 5023 eo
1522 4949 1727 5023 enim
1782 4969 2187 5043 corporeae
2241 4944 2816 5020 resurrectionis
2873 4942 3058 5016 fides
3114 4946 3193 5016 61
3247 4939 3450 5012 ratio

577 5076 1040 5150 continetur.
1072 5074 1425 5169 Namque
1465 5075 1543 5147 in
1583 5074 1967 5148 creatione
2004 5071 2345 5146 mulieris
2383 5093 2538 5143 non
2574 5070 2725 5146 iam
2766 5069 2995 5141 limus
3033 5066 3449 5163 adprehen-

734 5397 749 5430 ¹
783 5388 1183 5468 praeformati
1205 5424 1289 5435 -
1317 5396 1338 5429 ⁸
1370 5408 1646 5450 somnum
1675 5386 2121 5450 sanctificatam
2162 5421 2231 5430 —
2265 5393 2287 5424 ⁸
2317 5384 2494 5445 Paul.
2536 5383 2616 5444 ad
2658 5382 2924 5443 Timoth.
2964 5382 3051 5456 H,
3097 5379 3173 5441 15
3212 5414 3294 5426 --
3333 5386 3353 5418 ⁴
3389 5385 3454 5440 et

569 5488 780 5551 nescio
835 5509 990 5567 quae
1046 5509 1182 5550 cum
1223 5488 1311 5550 sit
1351 5488 1550 5549 alieno
1593 5493 1699 5546 aut
1746 5493 1995 5565 peccato
2038 5505 2210 5545 reum
2250 5482 2435 5545 effici.
2464 5488 2570 5543 aut
2596 5481 2814 5544 merito
2855 5481 3241 5542 innocentem
3283 5478 3454 5558 (post

572 5592 772 5650 nescio
815 5607 971 5665 quae
1013 5584 1246 5664 aliquid
1289 5586 1469 5649 deest
1510 5621 1588 5631 —
1618 5594 1639 5626 ⁶
1670 5583 1950 5662 apostolo
1992 5620 2073 5630 —
2113 5593 2135 5624 ⁰
2164 5581 2434 5643 referres
2477 5599 2630 5642 eam.
