4642 6650
1498 772 1586 815 AD
1636 770 1805 816 Loca
1851 769 2108 816 ΒΛΝΟΤΑ
2151 769 2262 816 AN.
2310 775 2513 817 ass-sss
3359 750 3443 815 57

564 988 812 1064 siones
869 993 1065 1064 octo.
1125 989 1451 1064 Carneas
1509 992 1772 1063 autem
1830 988 2111 1063 dicitur
2165 988 2436 1063 civitas
2492 987 2652 1077 Iob,
2720 1010 2916 1083 quae
2987 990 3169 1061 ante
3242 987 3449 1062 dicta

567 1117 684 1188 est
738 1115 1108 1189 Dennaba
1163 1114 1243 1187 in
1297 1118 1507 1190 terra
1561 1114 1922 1205 Ausitidi,
1963 1115 2044 1187 in
2083 1113 2361 1188 finibus
2397 1113 2757 1188 Idumeae
2797 1116 2878 1187 et
2913 1104 3315 1187 Arabiae¹.
3356 1112 3446 1185 In

569 1263 718 1336 quo
776 1238 1057 1314 itinere
1104 1238 1320 1315 hiens
1374 1239 1531 1314 vidi
1588 1261 1814 1334 super
1866 1239 2110 1335 ripam
2166 1238 2503 1311 fluminis
2559 1237 2905 1311 Iordanis
2960 1237 3244 1312 vallem
3281 1236 3449 1331 pul·

567 1364 828 1440 ohram
886 1364 1098 1456 satis,
1156 1368 1237 1438 et
1290 1386 1666 1454 amenam,
1724 1363 2304 1438 habundantem
2351 1362 2593 1438 vineis
2648 1365 2729 1437 et
2783 1361 3223 1435 arboribus:
3266 1383 3451 1457 quo·

568 1489 776 1563 niam
832 1510 1077 1585 aquae
1131 1489 1375 1562 multe
1431 1489 1539 1563 ibi
1595 1491 1841 1579 erant,
1900 1491 1981 1563 et
2035 1489 2376 1583 optimae
2430 1487 2646 1560 satie.
2703 1485 2906 1560 Nam
2967 1486 3047 1559 in
3103 1508 3195 1560 ea
3250 1486 3452 1561 valle

568 1615 780 1691 vicus
834 1619 1005 1690 erat
1057 1614 1390 1711 grandis,
1433 1615 1564 1710 qui
1605 1615 2036 1711 appellatur
2072 1636 2274 1689 nunc
2314 1612 2616 1687 Sedima
2644 1604 2694 1686 ².
2753 1613 2844 1686 In
2881 1634 2971 1687 eo
3027 1632 3208 1710 ergo
3254 1613 3446 1702 vic0‚

572 1742 704 1840 qui
757 1744 876 1816 est
926 1741 1009 1814 in
1064 1741 1315 1815 media
1369 1740 1689 1836 planitie
1742 1740 2062 1837 positus,
2119 1740 2200 1813 in
2258 1739 2511 1814 medio
2578 1739 2742 1814 loco
2809 1741 2927 1813 est
2987 1737 3452 1813 monticulus

733 2072 752 2108 ¹
782 2072 891 2134 Nil
934 2072 1204 2151 dubium,
1247 2071 1395 2150 quin
1431 2071 1710 2132 Garnaea
1750 2071 1838 2132 sit
1867 2069 2492 2146 Gamaim-Asteroth,
2523 2076 2686 2131 teste
2720 2069 3010 2148 EusebiO,
3044 2069 3257 2131 Onom.
3287 2067 3369 2129 ad
3395 2089 3455 2129 v.

573 2172 741 2250 quod
781 2173 975 2234 vertit
1014 2173 1462 2250 Hieronymus:
1511 2193 1543 2228 ε
1569 2168 2198 2247 carnaim-Astaroth,
2244 2169 2526 2229 Carnaim
2566 2189 2725 2229 nunc
2765 2169 2941 2231 vicus
2972 2177 3071 2231 est
3098 2169 3352 2248 grandis
3392 2170 3458 2230 in

582 2272 804 2349 angulo
825 2273 1193 2349 Batanaeae,
1218 2278 1282 2332 et
1303 2270 1652 2350 appellatur
1674 2269 1949 2330 Carnaea
1970 2274 2142 2329 trans
2165 2267 2398 2329 fluenta
2415 2267 2733 2329 Iordanis:
2756 2267 3128 2346 traduntque
3149 2268 3238 2328 ibi
3259 2266 3347 2328 fui
3354 2287 3458 2330 sse

580 2369 696 2431 Iob
719 2394 774 2432 ν.
818 2371 941 2432 Sed
980 2371 1174 2432 verba
1209 2369 1463 2431 Eusebii
1493 2375 1637 2431 sunt
1663 2369 1847 2430 haec:
1895 2367 2122 2459 «χώρη
2166 2368 2433 2458 μεγίστη
2475 2378 2588 2442 τῆς
2623 2370 2941 2457 Ἀραβίας,
2980 2368 3088 2432 καὶ
3117 2368 3256 2444 ἥτις
3290 2371 3456 2432 ἐστιν

577 2478 617 2545 ἡ
670 2471 989 2534 Βαταναία
1034 2461 1376 2558 λεγόυμένη
1410 2490 1465 2526 2».
1506 2465 1686 2527 Idem
1727 2464 2073 2526 Eusebius:
2119 2463 2495 2541 «Astaroth,
2538 2464 2789 2543 antiqua
2830 2463 3056 2526 civitas
3074 2507 3450 2527 .......

583 2566 857 2647 regionis
898 2566 1229 2643 Bataneae,
1273 2572 1338 2624 et
1364 2583 1477 2625 sex
1505 2562 1780 2624 millibus
1809 2562 1886 2623 ab
1914 2560 2089 2623 Adra
2115 2562 2269 2623 urbe
2297 2561 2566 2622 Arabiae
2595 2568 2884 2641 separata
2910 2568 3025 2623 est.
3055 2561 3249 2622 Porro
3286 2561 3462 2623 Adra

579 2687 617 2729 a
657 2667 888 2729 Bostra
927 2663 1421 2743 vigintiquinque
1463 2662 1737 2723 millibus
1779 2662 1976 2722 distat
2000 2684 2054 2722 ».
2097 2657 2270 2722 Haec
2320 2659 2689 2739 sufficerent,
2729 2667 2802 2722 ut
2837 2661 3017 2723 nobis
3074 2660 3459 2737 distinguere

575 2764 762 2826 liceat
803 2761 1090 2824 Carnaim
1129 2783 1166 2823 a
1205 2763 1435 2824 Bostra
1473 2762 1576 2823 vel
1618 2761 1836 2837 Bosor,
1867 2780 2020 2839 quas
2049 2780 2236 2821 unum
2272 2766 2339 2821 et
2364 2760 2530 2821 idem
2557 2758 2794 2821 faciunt
2818 2760 3004 2822 hodie
3033 2760 3282 2839 quidam
3324 2780 3458 2822 eru-

576 2862 694 2923 diti
733 2861 886 2940 viri:
927 2880 1183 2945 quorum
1222 2859 1585 2940 praecipuas
1627 2859 1965 2922 sententias
2008 2858 2263 2938 collegit
2302 2859 2379 2919 cl.
2421 2878 2482 2920 v.
2534 2858 2904 2921 Vincentius
2959 2858 3198 2921 De-Vit
3239 2859 3306 2919 in
3346 2878 3459 2920 suo

583 2959 969 3021 Onomastico
1012 2957 1092 3019 ad
1133 2977 1191 3019 v.
1234 2957 1528 3017 Astaroth
1571 2962 1635 3017 et
1662 2958 1882 3017 Bosor.
1911 2955 2145 3017 Verum
2171 2976 2295 3016 non
2323 2975 2421 3016 me
2447 2954 2616 3034 fugit
2655 2975 2910 3035 gravem
2950 2955 3096 3017 inde
3153 2956 3459 3033 quaestio-

575 3078 717 3120 nem
759 3057 1001 3133 exoriri,
1031 3076 1210 3135 quam
1238 3062 1446 3117 tamen
1473 3054 1696 3117 leviter
1721 3054 2154 3134 perstringam.
2186 3052 2500 3116 Eusebius
2528 3055 2691 3116 clare
2721 3054 2995 3134 seiungit
3020 3056 3310 3117 Bostram
3336 3075 3460 3117 me-

575 3157 866 3236 tropolim
905 3156 1174 3219 Arabiae
1218 3154 1323 3235 (ad
1362 3175 1422 3216 v.
1482 3156 1732 3246 Βοσιόρ;
1775 3153 2084 3216 Ammian.
2125 3154 2400 3215 Marcell.
2458 3155 2498 3215 1.
2542 3154 2721 3230 XIV,
2763 3155 2842 3215 27
2860 3174 2874 3213 :
2921 3177 2952 3211 ι
2976 3152 3198 3215 civitas
3239 3153 3461 3233 ingens

576 3254 844 3316 Arabiae
869 3255 930 3336 »)
973 3275 1011 3315 a
1052 3253 1338 3315 Carnaim
1378 3251 1516 3313 vico
1558 3251 1624 3312 in
1667 3252 1889 3331 angulo
1931 3251 2315 3313 Batanaeae:
2349 3272 2698 3314 mensuram
2734 3272 2973 3331 quoque
3014 3251 3258 3314 itineris
3300 3252 3463 3313 inter

578 3374 685 3415 eas
727 3353 972 3431 statuit,
1014 3373 1156 3414 nam
1197 3351 1393 3414 millia
1431 3357 1621 3413 unum
1663 3358 1727 3413 et
1767 3351 2029 3428 triginta
2066 3371 2179 3431 per
2228 3351 2465 3412 Adi-am
2517 3350 2899 3412 intercedere
2954 3350 3188 3412 scribit.
3243 3350 3461 3430 Neque

578 3452 732 3512 illud
773 3451 1024 3513 videtur
1062 3450 1399 3530 probabile,
1441 3470 1627 3510 unam
1667 3448 1985 3510 civitatem
2025 3448 2263 3510 duobus
2291 3449 2641 3510 nominibus
2671 3449 2885 3510 eodem
2922 3456 3197 3529 tempore
3237 3448 3461 3525 notari,

578 3570 765 3627 quum
801 3569 976 3611 suum
1003 3549 1317 3628 proprium
1342 3567 1562 3609 nomen
1588 3547 1911 3624 utriusque
1942 3546 2219 3609 civitatis
2245 3546 2311 3607 in
2336 3547 2515 3607 libris
2545 3548 3071 3624 monumentisque
3099 3546 3461 3627 reperiatur.

581 3648 868 3712 Ceterum
910 3647 989 3709 de
1033 3668 1107 3709 ea
1148 3647 1580 3725 singularitate
1619 3646 1866 3724 quidem
1906 3645 2248 3724 Peregrina
2284 3666 2408 3706 non
2449 3646 2780 3724 tacuisset,
2821 3647 3047 3726 quippe
3102 3666 3256 3723 quae
3312 3646 3467 3707 anti-

580 3766 764 3824 quum
807 3745 928 3806 vici
969 3765 1193 3806 nomen
1212 3745 1513 3807 Dennaba
1551 3751 1924 3828 revocasset,
1968 3744 2209 3806 erudite
2250 3743 2522 3806 fortasse
2555 3746 2808 3825 (Euseb.
2839 3745 2906 3805 in
2935 3766 2992 3805 v.
3024 3745 3324 3830 Δαναβά).
3370 3746 3467 3806 Ex

582 3844 767 3905 dictis
793 3852 1118 3924 praeterea
1145 3841 1447 3905 deducere
1480 3863 1807 3924 possumus
1833 3844 2149 3906 civitatem
2178 3844 2514 3905 Garnaeam
2544 3842 2607 3905 in
2635 3843 2859 3905 finibus
2888 3842 3086 3906 fuisse
3111 3844 3462 3905 Batanaeae

582 3948 647 4002 et
684 3939 984 4002 Arabiae:
1027 3960 1100 4001 ea
1144 3942 1325 4016 enim,
1368 3961 1521 4018 quae
1565 3949 1972 4021 apponuntur,
2020 3964 2052 3999 ‹
2078 3941 2144 4002 in
2186 3940 2413 4002 finibus
2440 3941 2734 4003 Idumeae
2764 3948 2830 4002 et
2856 3940 3123 4002 Arabiae
3146 3963 3178 3998 ›
3222 3960 3347 4001 non
3386 3938 3467 4000 ad

579 4038 701 4100 loci
720 4039 1050 4099 veritatem
1070 4045 1359 4117 spectant
1385 4039 1703 4118 (Idumaea
1731 4039 1895 4101 enim
1921 4039 1989 4101 in
2015 4040 2269 4118 regione
2291 4039 2676 4101 meridionali
2700 4038 2968 4102 Iudaeae
2988 4038 3467 4120 porrigebatur),

579 4134 693 4197 sed
735 4154 813 4196 ex
852 4143 924 4196 eo
967 4133 1389 4196 additamento
1431 4134 1576 4196 libri
1618 4136 1760 4213 Job,
1805 4136 1970 4214 quod
2009 4136 2077 4196 in
2117 4136 2404 4198 versione
2434 4157 2660 4214 graeca
2686 4137 2922 4216 legitur
2949 4144 3131 4215 atque
3157 4135 3224 4197 in
3252 4142 3466 4198 vetere

577 4233 793 4310 latina,
837 4240 937 4295 est
976 4233 1426 4314 depromptum.
1469 4234 1745 4313 Longius
1786 4256 1823 4297 a
1860 4236 2124 4298 Iordane
2167 4257 2351 4313 quam
2392 4238 2621 4299 Bostra
2661 4235 2936 4298 Carnaea
2976 4236 3262 4297 extabat:
3305 4234 3469 4315 quod

582 4351 705 4393 non
744 4331 924 4394 modo
968 4352 1045 4393 ex
1083 4333 1373 4408 Eusebio,
1416 4332 1530 4395 sed
1572 4333 1760 4395 etiam
1795 4353 1871 4395 ex
1899 4333 2141 4396 itineris
2181 4335 2529 4398 intervallis
2573 4334 2793 4397 deduci
2834 4340 3060 4413 potest.
3106 4333 3260 4397 Octo
3304 4335 3470 4397 enim

581 4430 934 4491 mansiones
976 4430 1431 4510 Hierosolymis
1474 4430 1810 4492 Oarnaeam
1846 4433 2339 4509 numerabantur,
2377 4454 2559 4512 quum
2584 4440 2717 4495 tres
2748 4440 2986 4494 tantum
3012 4433 3471 4513 Hierosolymis

586 4527 1006 4608 Scithopolim‚
1030 4549 1141 4608 per
1160 4549 1341 4606 quam
1362 4530 1534 4591 iuxta
1553 4530 1882 4592 Iordanem
1903 4530 2295 4606 transibatur‚
2320 4531 2704 4594 sufficerent:
2726 4552 2874 4609 ergo
2897 4531 3055 4593 aliae
3079 4531 3343 4610 quinque
3375 4552 3471 4592 su·

582 4627 897 4705 parabant,
926 4632 997 4687 ut
1026 4626 1362 4687 Carnaeam
1395 4627 1804 4689 accederetur.
1837 4628 1961 4690 Sed
1988 4627 2210 4690 civitas
2238 4629 2468 4690 Bostra
2496 4651 2534 4691 a
2567 4629 2831 4691 Iordane
2859 4629 3048 4690 trium
3077 4635 3184 4690 aut
3210 4636 3473 4708 quatuor

585 4723 824 4784 dierum
865 4724 1068 4805 spatio
1109 4724 1421 4787 disiuncta
1461 4731 1596 4787 erat
1637 4725 1890 4806 (De-Vit
1931 4727 1997 4788 in
2035 4747 2095 4789 v.
2133 4727 2390 4807 Bosor):
2418 4748 2541 4788 una
2567 4726 2761 4806 igitur
2789 4729 2890 4790 vel
2918 4727 3076 4790 duae
3105 4733 3473 4807 supererant

584 4822 935 4883 mansiones
975 4822 1054 4883 ad
1099 4821 1436 4883 Carnaeam
1475 4842 1669 4901 usque
1712 4824 2010 4885 orientem
2049 4845 2287 4902 versus,
2331 4825 2500 4886 aliud
2540 4826 2690 4887 licet
2730 4826 2851 4887 iter
2890 4847 2928 4888 a
2968 4825 3311 4887 viatoribus
3354 4845 3471 4886 su·-

584 4929 872 4982 meretur.
914 4920 1119 4983 Hodie
1158 4923 1388 4984 Bostra
1425 4922 1657 4985 retinet
1694 4923 1759 4984 in
1793 4924 2048 5002 regione
2088 4927 2398 4986 Haouran
2437 4926 2637 4986 locum
2679 4933 2743 4986 et
2782 4944 3007 4987 nomen
3060 4926 3320 5002 Botzra,
3361 4922 3472 4985 ubi

584 5018 847 5097 plurima
873 5029 1268 5081 monumenta
1292 5040 1514 5098 graeca
1542 5028 1724 5100 atque
1758 5022 1954 5083 latina
1993 5028 2143 5083 sunt
2168 5030 2417 5102 reperta
2447 5023 2922 5105 (Waddington,
2957 5026 3252 5099 Insa-ipa
3279 5045 3377 5102 qr.
3413 5028 3472 5082 et

588 5119 693 5177 lat.
736 5121 810 5176 de
850 5119 914 5177 la
958 5117 1138 5194 Syrie
1177 5137 1237 5178 n.
1265 5118 1423 5178 1910
1450 5123 1515 5178 et
1543 5118 1771 5198 seqq.):
1801 5120 2191 5196 quamobrem
2222 5119 2560 5180 Carnaeam
2587 5119 2655 5180 id
2686 5126 2785 5181 est
2817 5119 3122 5181 Asteroth
3164 5118 3470 5194 Carnaim,

587 5214 643 5275 si
691 5234 821 5275 rem
876 5233 954 5275 ex
991 5214 1414 5294 superioribus
1444 5215 1775 5277 sententiis
1824 5216 2232 5294 conficiamus,
2284 5216 2363 5276 ad
2416 5223 2660 5278 montes
2694 5220 3019 5291 Haouran,
3065 5216 3171 5295 qui
3218 5222 3366 5277 tunc
3406 5215 3473 5276 in

584 5311 889 5373 limitibus
931 5312 1280 5373 Batanaeae
1320 5312 1617 5375 Arabiam
1659 5313 2052 5393 definiebant,
2094 5315 2369 5395 positam
2409 5335 2550 5377 esse
2593 5321 2857 5376 constat.

744 5409 770 5445 ²
797 5409 990 5471 Vicus
1021 5410 1270 5472 Sedima
1299 5412 1542 5473 omnino
1571 5412 1857 5491 ignotus:
1888 5433 2101 5473 verum
2128 5412 2294 5474 idem
2320 5412 2521 5475 fuisse
2550 5413 2815 5490 videtur,
2844 5413 2948 5492 qui
2976 5416 3054 5476 ab
3080 5414 3465 5494 Hieronymo

592 5507 677 5590 (N
679 5508 864 5569 omin.
905 5509 1097 5572 Hebr.
1137 5509 1206 5570 in
1247 5530 1305 5571 v.
1351 5510 1580 5591 Salem)
1624 5511 1972 5591 appellatus
2015 5516 2115 5573 est
2158 5512 2468 5574 Solumias
2510 5513 2576 5574 in
2618 5520 2836 5576 octavo
2886 5513 3094 5592 lapide
3136 5534 3174 5574 a
3215 5512 3474 5592 Scytho-

590 5606 718 5686 poli
764 5606 974 5687 (hodie
1015 5609 1281 5687 Busan).

3153 5751 3189 5806 8
