4642 6650
1480 748 1570 794 An
1614 748 1787 795 noos
1830 749 2088 798 sumn
2129 753 2240 804 An.
2288 757 2488 801 asu-sss
2664 739 2667 742 ’
3293 734 3423 803 105

551 965 930 1041 matribus
976 966 1156 1041 suis.
1197 967 1298 1042 Et
1332 967 1440 1043 sic
1474 968 1967 1064 singulariter
2003 970 2433 1068 interrogat
2468 971 2860 1069 episcopus
2898 970 3186 1047 vicinos
3233 971 3422 1064 eius,

555 1091 688 1188 qui
721 1091 1070 1183 intravit,
1111 1091 1404 1168 dicens:
1443 1093 1510 1166 si
1545 1094 1791 1169 bonae
1843 1095 2053 1170 vitae
2107 1099 2227 1171 est
2279 1096 2425 1185 hic,
2483 1097 2547 1171 si
2600 1096 3043 1192 parentibus
3099 1095 3418 1188 deferet,

556 1216 620 1290 si
674 1215 1019 1291 ebriacus
1071 1238 1226 1292 non
1280 1221 1399 1292 est
1453 1222 1594 1293 aut
1648 1242 1928 1311 vanua,
1972 1223 2054 1295 et
2090 1221 2392 1317 singula
2428 1221 2646 1312 vitia,
2684 1243 2881 1317 quae
2919 1224 3104 1295 sunt
3158 1223 3427 1296 tamen

556 1340 910 1436 graviora
963 1340 1045 1415 in
1096 1340 1428 1433 homine,
1458 1343 1824 1439 requiret.
1880 1343 1993 1418 Ut
2046 1347 2112 1418 si
2164 1345 2607 1441 probaverit
2643 1346 2804 1421 sine
2840 1346 3427 1441 reprehensione

556 1485 717 1540 esse
769 1465 862 1540 de
916 1465 1035 1540 his
1089 1466 1464 1558 omnibuS,
1521 1467 1798 1563 quibus
1851 1469 2256 1565 requisivit
2308 1459 2837 1566 praesentibus
2890 1470 3393 1561 testibu8,an

554 1590 837 1664 notat
817 1613 975 1687 ipse
1012 1613 1249 1664 manu
1284 1613 1426 1666 sua
1479 1613 1757 1668 nomen
1811 1584 2094 1668 illius&
2154 1592 2234 1668 Si
2270 1597 2535 1670 autem
2574 1594 2656 1668 in
2693 1595 2952 1690 aliquo
2999 1597 3426 1686 accusatur,

557 1711 774 1789 iubet
825 1715 1047 1788 illum
1100 1714 1307 1790 foras
1362 1716 1594 1807 exire,
1651 1717 1947 1792 dicens:
2006 1718 2360 1793 emendet
2412 1740 2516 1810 se,
2556 1721 2638 1793 et
2676 1741 2849 1794 cum
2905 1718 3429 1794 emendaverit

562 1863 668 1933 se,
722 1844 908 1916 tunc
962 1841 1268 1916 accedet
1303 1841 1403 1914 ad
1441 1842 1832 1917 lavacrum
1859 1836 1910 1917 ².
1953 1842 2073 1918 Sic
2128 1842 2220 1918 de
2274 1843 2485 1935 viris,
2541 1844 2648 1919 sic
2697 1844 2789 1920 de
2825 1844 3274 1919 mulieribus
3311 1864 3433 1917 re-

560 1966 867 2063 quirens
922 1965 1132 2040 dicit.
1192 1964 1271 2039 Si
1325 1967 1495 2062 quis
1550 1969 1812 2043 autem
1866 1969 2307 2064 peregrinus
2373 1971 2515 2059 est,
2578 1969 2727 2044 nisi
2791 1968 3239 2044 testimonia
3291 1968 3432 2041 ha-

559 2090 839 2181 buerit,
896 2090 1030 2187 qui
1085 2112 1262 2165 eum
1315 2092 1701 2182 noverint,
1758 2114 1914 2168 non
1966 2096 2133 2168 tam
2188 2094 2411 2169 facile
2457 2095 2764 2170 accedet
2798 2095 2896 2169 ad
2930 2094 3428 2190 baptismum.

714 2213 879 2288 Hoc
931 2216 1219 2304 autem,
1250 2215 1602 2291 dominae
1638 2238 1959 2309 sorores,
1997 2239 2094 2293 ne
2130 2218 2674 2294 existimaretis
2713 2219 2873 2294 sine
2909 2218 3210 2293 ratione
3258 2217 3425 2292 fieri

561 2338 884 2448 scribere
939 2339 1168 2414 debui
1193 2334 1244 2414 ⁸.
1301 2339 1789 2416 Consuetudo
1845 2344 1963 2417 est
2017 2342 2223 2416 enim
2277 2343 2401 2417 hic
2462 2342 2666 2431 talis,
2726 2346 2817 2417 ut
2870 2342 3003 2438 qui
3059 2341 3434 2417 accedunt

563 2465 660 2539 ad
707 2453 1181 2560 baptismum
1234 2487 1369 2562 per
1421 2466 1622 2562 ipsos
1676 2467 1834 2542 dies
1889 2468 2424 2564 quadraginta,
2484 2468 2760 2563 quibus
2814 2467 3228 2559 ieiunatur,
3276 2465 3429 2561 pri·

563 2614 774 2665 mum
828 2593 1133 2666 mature
1189 2613 1237 2665 a
1290 2591 1579 2666 clericis
1636 2593 2164 2668 exorcizentur
2187 2583 2239 2683 ⁴,
2294 2614 2475 2666 mox
2513 2592 2741 2667 missa
2787 2592 2996 2667 facta
3050 2592 3288 2668 fuerit
3342 2589 3437 2664 de

563 2713 940 2790 Anastase
977 2714 1389 2788 matutina.
1429 2713 1532 2788 Et
1566 2716 1835 2789 statim
1888 2715 2203 2812 ponitur
2257 2715 2623 2791 cathedra
2675 2716 3022 2812 episcopo
3077 2715 3177 2790 ad
3230 2716 3432 2790 Mar-

565 2838 862 2935 tyrium
888 2838 971 2911 in
999 2838 1315 2913 ecclesia
1351 2839 1640 2915 maiore
1660 2834 1710 2931 ⁸,
1750 2844 1832 2916 et
1866 2840 2133 2916 sedent
2168 2862 2429 2915 omnes
2466 2841 2547 2914 in
2583 2841 2749 2936 giro
2785 2862 3019 2937 prope
3054 2839 3427 2937 episcope,

565 2961 696 3056 qui
747 2960 1228 3057 baptidiandi
1281 2963 1488 3052 sunt,
1543 2963 1708 3035 tam
1764 2962 1912 3038 viri
1949 2985 2182 3058 quam
2215 2963 2598 3052 muliereS,
2656 2965 2951 3038 stantes
2987 2963 3154 3038 loco
3191 2963 3428 3038 etiam

564 3089 819 3182 patres
873 3087 999 3162 vel
1053 3088 1364 3177 matres,
1420 3108 1560 3162 nec
1613 3109 1768 3161 non
1824 3088 2063 3163 etiam
2135 3089 2268 3184 qui
2335 3088 2613 3162 volunt
2684 3087 2950 3164 audire
3023 3088 3116 3164 de
3185 3089 3426 3186 plebe,

569 3232 829 3286 omnes
866 3211 1167 3285 intrant
1204 3214 1284 3285 et
1319 3210 1609 3304 sedent,
1649 3212 1779 3287 sed
1815 3212 2098 3286 fideles.
2139 3211 2742 3287 Cathecumenus
2795 3213 3058 3287 autem
3111 3213 3221 3287 ibi
3273 3235 3430 3287 non

566 3337 818 3411 intrat
843 3332 899 3428 ⁶,
952 3339 1142 3411 tunc
1193 3340 1484 3433 quando
1536 3337 1926 3434 episcopus
1981 3338 2205 3412 docet
2255 3338 2429 3411 illos
2484 3338 2754 3433 legem.
2824 3336 2915 3410 Id
2968 3340 3087 3412 est
3141 3338 3247 3412 sic
3307 3337 3423 3411 in-

567 3463 848 3538 choans
901 3485 950 3537 a
1001 3481 1279 3557 genese
1330 3482 1467 3558 per
1517 3462 1691 3538 illos
1728 3462 1887 3538 dies
1923 3461 2435 3559 quadraginta
2470 3463 2865 3558 percurret
2900 3481 3161 3537 omnes
3209 3462 3443 3558 scrip·

730 3790 750 3828 ¹
779 3790 1035 3871 Gregor.
1077 3790 1267 3871 Nyss.
1307 3789 1640 3852 Adlocutio
1680 3789 1761 3852 ad
1803 3789 2270 3869 competentem
2317 3811 2351 3848 ‹
2371 3789 2538 3852 Date
2576 3788 2727 3851 mihi
2767 3789 3049 3870 nomina,
3089 3796 3162 3853 ut
3216 3808 3332 3870 ego
3375 3809 3450 3853 ea

567 3887 913 3967 imprimam
950 3887 1131 3949 libris
1172 3886 1593 3965 sensibilibus,
1636 3893 1702 3948 et
1739 3887 2006 3949 scribam
2046 3892 2391 3948 atramento
2412 3905 2466 3947 ».

727 3987 753 4023 ¹
780 3987 942 4049 Rem
980 3985 1300 4048 confirmat
1340 3985 1402 4046 S.
1446 3984 1718 4065 Cyrillus
1743 3984 1809 4045 in
1836 4004 1950 4047 sua
1973 3984 2443 4047 Procatechesi:
2488 4006 2520 4044 ι
2544 3982 2860 4063 Egi-edere
2897 3982 3107 4064 potius
3146 4004 3307 4046 nunc
3349 4003 3451 4066 op-

571 4090 851 4165 portune,
894 4090 959 4144 et
998 4082 1328 4161 ingredere
1369 4101 1508 4143 cras
1549 4081 2067 4162 opportunissime
2090 4104 2145 4144 ›.

728 4181 753 4219 ³
783 4181 1092 4255 Quorsum
1131 4181 1210 4243 de
1237 4180 1691 4243 catechumenis
1716 4181 2106 4260 baptizandis
2134 4180 2406 4242 scribere
2440 4178 2700 4242 debuit?
2727 4179 2878 4258 quid
2907 4180 2967 4242 ei
2991 4180 3270 4259 rationis,
3298 4179 3452 4259 quid

573 4279 758 4342 officii
798 4279 877 4341 ad
918 4279 1353 4342 scribendum?
1391 4279 1533 4341 Non
1571 4299 1693 4340 una
1732 4278 1979 4358 quidem
2019 4278 2364 4358 disciplina,
2407 4284 2479 4340 ut
2505 4284 2882 4358 compertum
2921 4284 3037 4354 est,
3079 4277 3146 4338 in
3188 4278 3453 4340 ecclesia

572 4378 864 4441 universa
883 4384 1030 4439 tunc
1056 4377 1277 4456 viguit,
1305 4376 1398 4439 ita
1422 4386 1495 4439 ut
1521 4383 1805 4438 accurata
1830 4376 2167 4457 descriptio
2194 4377 2376 4453 ritus,
2405 4396 2525 4455 quo
2554 4375 3101 4455 hierosolymitana
3126 4377 3294 4438 inter
3319 4395 3454 4439 cae-

573 4482 742 4538 teras
783 4475 1208 4553 antiquissima
1245 4475 1559 4552 utebatur,
1600 4474 1785 4536 valde
1825 4481 2171 4554 opportuna
2207 4474 2327 4535 hoc
2365 4474 2500 4535 loco
2542 4474 2683 4537 visa
2724 4473 2827 4535 sit.

732 4574 759 4609 ⁴
783 4573 1194 4635 Notissimum
1235 4580 1335 4634 est
1373 4572 1631 4634 clericos
1671 4592 1894 4633 munus
1936 4571 2144 4634 obisse
2186 4570 2579 4641 exorcizandi
2612 4570 3081 4633 catechumenos
3136 4577 3281 4633 ante
3333 4572 3456 4633 ba—

573 4671 899 4751 ptismum:
940 4671 1054 4733 sed
1093 4671 1393 4750 ignotum,
1434 4670 1657 4749 quod
1638 4692 1707 4732 m
1747 4670 2011 4733 ecclesia
2048 4670 2600 4751 hierosolymitana
2637 4690 2752 4803 per
2798 4669 3082 4750 sing-ulos
3120 4670 3456 4750 quadrage-

575 4770 767 4833 simae
808 4770 945 4833 dies
985 4769 1184 4849 prima
1221 4769 1359 4831 lnce
1401 4775 1822 4849 competentes
1865 4769 2376 4831 exorcizarentur.

735 4866 761 4902 ⁵
788 4866 856 4928 Si
896 4865 1140 4945 quando
1179 4885 1304 4927 non
1342 4865 1411 4926 in
1450 4866 1713 4928 ecclesia
1749 4865 2039 4945 Martyrii
2069 4865 2231 4927 sed
2211 4885 2280 4927 m
2302 4866 2615 4926 Anastase
2652 4863 3011 4927 catecheses
3048 4863 3289 4944 fierent,
3333 4864 3457 4946 epi·

577 4985 797 5044 scopus
825 4965 961 5044 ipse
980 4964 1200 5026 fideles
1221 4965 1527 5026 monebat.
1556 4964 1617 5025 S.
1643 4963 1834 5043 Gyril.
1862 4962 2110 5026 Catech.
2136 4967 2244 5025 18:
2279 4984 2311 5022 ι
2335 4963 2494 5024 Post
2516 4969 2794 5024 sanctam
2813 4962 3146 5025 Paschatis
3167 4963 3335 5026 diem
3338 5009 3456 5026 ......

577 5062 802 5124 Statim
840 5067 987 5140 post
1025 5059 1413 5140 synaximin
1452 5067 1731 5122 sanctum
1771 5059 2273 5123 Resurrectionis
2303 5059 2505 5121 locum
2534 5059 2965 5138 ingredientes
2991 5059 3149 5122 alias
3180 5059 3316 5123 Deo
3358 5080 3460 5122 vo-

576 5159 766 5237 lente,
807 5159 1170 5221 catecheses
1210 5158 1480 5220 audietis
1503 5181 1560 5220 ›.
1600 5158 1758 5220 Nam
1789 5158 1851 5220 S.
1883 5157 2155 5237 Gyrillus
2182 5158 2321 5236 ipse
2363 5176 2510 5219 suas
2551 5157 2910 5219 catecheses
2948 5156 3170 5218 habuit
3210 5158 3277 5220 in
3316 5158 3459 5220 Gol-

574 5258 821 5337 gothae,
862 5276 984 5318 non
1023 5256 1091 5317 in
1130 5256 1631 5319 Resurrectionis
1672 5257 1951 5319 ecclesia.
1997 5254 2247 5317 Catech.
2291 5255 2483 5333 XIII,
2524 5275 2576 5316 c.
2618 5256 2718 5315 39.

735 5353 760 5389 ⁶
789 5351 1296 5431 catechumenus,
1338 5352 1445 5432 qui
1484 5372 1610 5417 non
1651 5359 2026 5436 competens,
2068 5353 2176 5432 qui
2209 5350 2482 5413 nondum
2510 5359 2643 5413 erat
2683 5350 2762 5412 ad
2803 5351 3182 5433 baptismum
3221 5354 3460 5417 electus

574 5457 640 5513 et
678 5449 1063 5513 candidatus.

3140 5584 3214 5644 14
