4642 6650
1669 794 1733 839 V.
1782 792 1873 838 DE
1917 791 2293 839 PFAEmRmA
3061 796 3070 805 “
3237 792 3411 837 XXXV

534 1015 703 1090 oleo
759 1037 808 1088 a
860 1035 941 1089 se
995 1011 1474 1086 illuminatas
1532 1013 1874 1085 mutaret
1927 1011 2010 1085 in
2084 1010 2271 1105 dies,
2349 1012 2609 1087 omnia
2682 1010 3202 1108 antiquorum,
3277 1008 3411 1108 qui

533 1156 1122 1234 commentarios
1159 1155 1242 1230 in
1278 1177 1530 1230 sacras
1584 1155 1904 1253 paginas
1941 1154 2376 1248 ediderunt,
2415 1156 2699 1252 scripta
2736 1176 3207 1253 percurrens,
3249 1153 3412 1228 Ori-

532 1304 746 1401 genis
801 1306 883 1378 et
938 1300 1284 1398 Gregorii
1336 1304 1418 1376 et
1474 1299 1843 1397 Stephani
1883 1304 1965 1376 et
2022 1299 2256 1376 Pierii
2324 1304 2406 1375 et
2459 1300 2747 1392 Basilii,
2789 1303 2871 1375 et
2908 1299 3415 1396 quorumdam

534 1447 862 1522 aliorum
901 1446 1326 1543 praestanti
1368 1445 1663 1522 virtute
1701 1446 2072 1521 virorum.
2109 1445 2181 1519 N
2184 1469 2282 1520 on
2323 1446 2606 1521 leviter
2645 1468 2889 1543 neque
2917 1449 3205 1522 temere
3232 1446 3419 1520 haec

535 1612 1005 1686 percurrens,
1064 1588 1196 1666 sed
1253 1588 1646 1665 elaborate
1687 1590 1968 1685 septies
2023 1589 2147 1665 vel
2203 1589 2439 1664 octies
2484 1610 3101 1685 unumquemque
3138 1587 3420 1662 librum

534 1736 955 1833 perlegenS,
1015 1738 1109 1809 ut
1160 1734 1438 1809 horum
1498 1734 1914 1809 verborum
1969 1734 2223 1829 gratia
2279 1735 2361 1807 in
2415 1735 2663 1808 altum
2720 1734 3166 1829 erigeretur.

695 1876 900 1951 Illud
954 1876 1262 1973 quidem
1317 1878 1467 1951 iter
1519 1897 1657 1973 per
1711 1874 2150 1972 Aegyptum
2206 1875 2750 1951 Alexandriam
2808 1897 3071 1950 versus
3121 1896 3213 1950 ex
3254 1874 3415 1970 ipso

539 2018 885 2094 Palladio
942 2018 1372 2094 confectum
1405 2040 1566 2094 esse
1594 2019 1873 2094 scimus
1902 2018 2326 2093 Theodosio
2356 2041 2633 2115 magno
2665 2020 2779 2093 bis
2820 2017 3148 2108 consule,
3179 2016 3257 2090 id
3299 2019 3419 2092 est

538 2184 739 2237 anno
778 2164 1118 2260 vulgaris
1155 2185 1331 2239 erae
1372 2163 1524 2237 388
1552 2153 1601 2238 ¹.
1643 2163 1816 2238 Non
1855 2165 1972 2238 est
2011 2163 2197 2236 mihi
2239 2163 2556 2261 dubium
2597 2163 3005 2237 Melaniam
3043 2162 3419 2238 seniorem

539 2311 610 2385 ei
667 2310 1025 2385 comitem
1082 2310 1334 2399 fuisse,
1392 2308 1717 2384 fortasse
1772 2309 2008 2383 etiam
2065 2307 2625 2406 Hieronymum
2683 2330 2856 2382 cum
2932 2306 3199 2381 Paula.
3279 2306 3420 2381 Ille

539 2456 809 2550 postea
865 2453 965 2528 ad
1020 2452 1458 2527 Thebaiden
1516 2452 1929 2527 monachos
1983 2455 2309 2543 sanctOS‚
2388 2473 2715 2548 quorum
2797 2453 3015 2546 gesta
3096 2471 3422 2525 comme-

539 2598 817 2689 morat,
875 2595 1184 2672 videndi
1239 2596 1496 2692 gratia
1552 2595 1974 2672 contendit.
2030 2594 2232 2669 Dum
2291 2595 2531 2670 Silvia
2586 2593 3135 2691 Hierosolymis
3175 2615 3422 2668 mora-

543 2739 796 2831 batur,
853 2738 1220 2813 Rufinum
1276 2738 1873 2836 Aquileiensem,
1933 2739 2065 2835 qui
2120 2740 2588 2813 monasterio
2647 2737 3212 2834 quinquaginta
3266 2738 3420 2812 vir·

538 2884 802 2981 ginum
860 2908 907 2960 a
961 2884 1294 2960 Melania
1349 2885 1772 2959 constituto
1830 2884 2302 2958 sanctissime
2359 2887 2734 2979 praeerat,
2776 2883 3156 2974 convenit,
3199 2882 3422 2979 eique

537 3028 923 3123 praecepit
961 3030 1054 3101 ut
1089 3027 1676 3123 Recognitiones
1718 3049 1776 3101 s.
1818 3025 2225 3101 Clementis
2282 3049 2324 3101 e
2360 3048 2630 3123 graeco
2682 3028 2764 3100 in
2800 3026 3129 3101 latinum
3168 3028 3419 3102 verte-

509 3176 704 3248 ret:
762 3173 979 3248 cuius
1035 3171 1402 3261 mandato
1459 3169 1806 3260 Rufinus,
1866 3173 1956 3244 ut
2010 3169 2169 3266 ipse
2223 3170 2542 3253 fatetur,
2599 3188 2767 3246 sero
2808 3173 2888 3245 et
2927 3173 3099 3266 post
3139 3169 3426 3245 Silviae

546 3319 874 3393 mortem
932 3315 1266 3392 absolvit
1294 3307 1346 3391 ².

703 3459 796 3533 In
849 3459 1038 3534 urbe
1093 3457 1932 3553 constantinopolitana
1987 3479 2034 3530 a
2087 3455 2366 3531 Rufino
2423 3456 2665 3531 fratre
2722 3456 2960 3531 Silvia
2997 3458 3304 3532 retenta
3347 3477 3427 3530 se

543 3599 642 3674 ad
679 3600 1060 3677 virtutem
1096 3603 1178 3678 et
1215 3599 1666 3696 religionem
1723 3599 2215 3674 excolendam
2272 3597 2727 3696 Olympiadi,
2779 3598 3158 3674 foeminae
3217 3597 3426 3693 pien-

541 3745 883 3822 tissimae
939 3749 1174 3842 atque
1229 3744 1776 3836 sanctissimae,
1836 3744 2099 3819 ducem
2150 3745 2547 3840 praebuit:
2591 3744 2793 3841 quod
2832 3747 3095 3818 tamen
3133 3744 3213 3818 in
3250 3743 3425 3816 His-

543 3889 748 3965 toria
800 3888 1170 3964 Lausiaca
1224 3890 1473 3986 legere
1526 3889 1750 3964 iuvat
1774 3877 1824 3964 ⁸.
1885 3888 2207 3963 Rufinus
2262 3910 2355 3963 ex
2393 3889 2838 3985 Aquitania,
2878 3888 3131 3985 patria
3171 3909 3336 3978 sua,
3379 3911 3427 3962 a

542 4030 964 4108 Theodosio
1020 4034 1306 4109 accitus
1364 4033 1668 4110 circiter
1721 4058 2007 4108 annum
2059 4034 2238 4125 384,
2280 4034 2543 4108 multis
2582 4033 3218 4129 amplissimisque
3259 4055 3427 4106 mu-

543 4175 851 4249 neribus
905 4178 1172 4271 postea
1226 4178 1639 4252 exornatus
1695 4178 2032 4250 maxima
2086 4176 2166 4249 in
2222 4176 2522 4250 oriente
2575 4174 2857 4271 polluit
2911 4174 3421 4250 auctoritate:

705 4474 724 4511 ¹
756 4475 925 4538 Hist.
966 4474 1153 4538 Laus.
1196 4496 1247 4537 c.
1295 4478 1348 4536 1.
1392 4475 1457 4537 in
1497 4475 1629 4538 vita
1669 4474 1918 4537 Isidori.
1961 4476 2058 4537 De
2100 4474 2372 4538 Melania
2412 4475 2674 4554 seniore,
2705 4495 2860 4555 quae
2896 4494 3172 4537 sororem
3213 4474 3428 4536 Rufini

543 4572 809 4637 fortasse
847 4573 1291 4650 concitabatur,
1334 4573 1479 4637 vide
1519 4573 1758 4651 Menar,
1811 4574 1915 4636 Vie
1945 4576 2017 4634 de
2045 4576 2209 4635 Jean
2256 4573 2704 4653 Chrysostomc‚
2747 4576 2938 4635 Paris
2980 4575 3156 4652 1664,
3197 4594 3257 4653 p.
3288 4574 3429 4634 206.

440 4667 449 4680 “
542 4671 679 4733 Iter
717 4672 783 4733 in
822 4671 1183 4751 Aegyptum
1222 4671 1590 4751 Hieronymi
1618 4690 1755 4733 cum
1783 4672 1983 4732 Paula
2011 4692 2148 4732 ann.
2180 4673 2299 4732 386
2330 4671 2553 4733 statuit
2580 4669 2944 4750 Engelstoft
2988 4671 3430 4754 (Hieronymus

548 4769 995 4847 stridonensis,
1036 4769 1324 4831 Hauniae
1369 4770 1524 4831 1797
1566 4791 1627 4849 p.
1670 4771 1794 4851 62).

708 4868 732 4904 ²
760 4868 988 4948 Rufini,
1018 4866 1334 4930 Praefatio
1364 4868 1428 4929 in
1448 4868 1642 4930 libros
1672 4868 2264 4949 Reoscognitionum
2286 4867 2366 4931 ad
2389 4868 2806 4931 Gaudentium
2831 4869 3213 4950 episcopum:
3242 4893 3272 4926 «
3297 4869 3429 4932 Nos

545 4972 771 5044 tamen,
813 4985 968 5044 quos
1010 4973 1076 5028 et
1119 4965 1355 5045 ingenii
1396 4967 1668 5027 tenuitas
1709 4967 1912 5028 minus
1952 4975 2228 5047 proptoS,
2275 4975 2340 5028 et
2383 4974 2637 5028 senecta
2666 4967 2787 5028 iam
2815 4967 3026 5029 reddit
3067 4989 3138 5030 ac
3180 4987 3428 5046 segnes,

549 5083 704 5143 opus
746 5064 911 5141 quod
952 5064 1099 5125 olim
1140 5064 1528 5127 venerandae
1571 5066 1904 5127 memoriae
1943 5065 2121 5144 virgo
2165 5064 2384 5145 Sylvia
2413 5065 2778 5144 iniunxerat,
2809 5073 2882 5127 ut
2911 5066 3290 5129 Clementem
3328 5087 3433 5128 no·

549 5172 717 5225 strae
755 5163 1004 5241 linguae
1045 5163 1371 5225 redderem
1413 5172 1478 5225 et
1518 5171 1591 5226 tu
1631 5163 1857 5226 deinde
1897 5165 2031 5226 inre
2071 5164 2451 5226 hereditario
2495 5166 2818 5243 poscebas,
2847 5165 2998 5227 licet
3025 5165 3253 5226 multas
3289 5173 3434 5245 post

549 5282 751 5324 moras
792 5263 1178 5326 restituimus
1207 5263 1518 5343 praedam.
1543 5288 1574 5323 »
1609 5265 1693 5325 Et
1721 5264 1784 5325 in
1812 5263 2204 5345 peroratione
2235 5264 2576 5326 Comment.
2610 5264 2900 5342 Origenis
2928 5265 2992 5325 in
3021 5264 3203 5325 Pauli
3234 5264 3432 5344 epist:

554 5383 585 5418 ‹
608 5360 769 5422 Post
807 5360 923 5423 hoc
965 5381 1115 5423 sane
1156 5368 1340 5424 vocat
1378 5382 1493 5424 nos
1524 5382 1697 5442 opus,
1726 5361 1891 5440 quod
1920 5362 2068 5423 olim
2098 5362 2346 5440 quidem
2389 5348 2728 5424 iniunctum
2756 5371 2858 5425 est
2887 5383 2923 5423 a
2952 5372 3168 5424 sancta
3218 5362 3434 5441 Silvia,

550 5458 667 5521 sed
704 5479 865 5522 nunc
906 5481 943 5521 a
982 5459 1166 5521 beato
1208 5459 1560 5522 Gaudentio
1600 5467 2001 5541 perurgetur:
2045 5460 2387 5523 Clementis
2429 5460 2671 5523 scilicet
2708 5461 2944 5524 romani
2975 5461 3253 5542 episcopi
3295 5481 3435 5541 apo·

552 5557 854 5620 stolorum
893 5558 1139 5620 comitis
1181 5557 1346 5637 libri,
1389 5564 1460 5620 ut
1498 5558 1564 5620 in
1603 5559 1864 5621 latinum
1905 5566 2246 5622 vertantur.
2283 5583 2314 5618 »

718 5654 744 5692 ³
770 5656 941 5719 Hist.
983 5656 1026 5717 1.
1069 5675 1121 5716 c.
1168 5655 1305 5716 144.
