4642 6650
1475 803 1561 849 1v.
1609 802 1701 849 mc
1743 801 2053 851 rmonn
2097 778 2692 853 Pannonius-nome
3364 806 3527 854 mx

643 1021 724 1095 in
762 1019 1201 1097 Thebaiden
1257 1024 1397 1095 aut
1431 1021 1512 1095 in
1547 1022 1838 1096 insulas
1884 1023 2257 1119 relegavit
2286 1015 2335 1097 ¹.
2394 1023 2542 1097 Ubi
2599 1024 2942 1117 decessit,
2984 1023 3212 1098 iidem
3252 1024 3329 1097 in
3367 1022 3520 1120 pri-

644 1164 929 1238 stinam
958 1163 1413 1261 dignitatem
1440 1167 1783 1241 revocati
1810 1189 2123 1243 munere
2151 1168 2336 1241 sunt
2362 1188 2501 1241 suo
2527 1160 2845 1263 posthac
2866 1167 3124 1273 quiete
3155 1167 3517 1243 defuncti.

598 1341 602 1345 ⁴
641 1306 1011 1404 Eulogius
1064 1332 1267 1384 anno
1306 1310 1664 1386 edesseno
1726 1310 1876 1385 698
1915 1311 2101 1402 (aer.
2144 1312 2353 1408 vulg.
2399 1311 2546 1385 387
2560 1311 2781 1404 -388)
2822 1315 3176 1386 mortuus
3214 1315 3356 1405 est,
3398 1314 3520 1388 cui

643 1451 885 1548 Cyrus
913 1434 1293 1547 successit,
1335 1478 1561 1552 quem
1599 1454 1776 1531 fidei
1831 1455 2334 1531 confessorem
2389 1478 2636 1552 neque
2675 1456 3047 1533 traditum
3092 1463 3232 1550 est,
3271 1481 3519 1556 neque

640 1593 733 1668 fit
765 1596 1180 1674 verisimile
1235 1599 1376 1672 sub
1433 1597 1853 1673 Theodosio
1912 1602 1994 1673 et
2050 1598 2377 1674 Arcadio
2434 1597 2690 1673 fuisse.
2750 1599 3118 1697 Tempore
3157 1622 3335 1698 ergo
3367 1625 3516 1697 quo

639 1741 992 1818 viverent
1026 1741 1194 1839 ipsi,
1236 1764 1370 1817 seu
1426 1745 1607 1817 ante
1663 1727 1946 1817 annum
2011 1743 2188 1834 389,
2234 1742 2675 1840 Peregrina,
2730 1742 2811 1817 ni
2868 1743 3119 1836 fallor,
3158 1744 3239 1818 in
3280 1746 3518 1822 Meso·

639 1887 983 1982 potamia
1035 1890 1498 1963 versaretur.

799 2029 1185 2127 Cuiusque
1240 2053 1519 2107 nomen
1572 2055 1994 2129 numquam
2068 2031 2485 2127 Peregrina
2550 2031 2901 2127 protulit,
2960 2033 3266 2125 praeter
3321 2032 3518 2106 Mar-

636 2170 1496 2291 thanas-diaconissae&
1539 2198 1735 2273 quae
1774 2175 2160 2250 Seleuciae
2197 2177 2366 2249 tum
2398 2174 2838 2264 ascitarum,
2869 2174 3158 2249 scilicet
3194 2176 3512 2271 asperri-

639 2341 849 2392 mum
883 2319 1092 2425 vitae
1129 2342 1368 2417 genus
1409 2309 1846 2416 agentium,
1888 2318 2443 2393 monasterium
2499 2299 2800 2391 summa
2838 2318 3131 2392 virtute
3169 2318 3511 2414 regebat.

637 2462 877 2550 Quam
917 2464 1039 2536 sui
1075 2463 1609 2543 amicissimam
1669 2485 1829 2538 esse
1892 2462 2099 2554 dicit,
2159 2486 2399 2559 quum
2453 2484 2621 2536 eam
2681 2461 3256 2557 Hierosolymis,
3317 2483 3513 2557 quae

635 2607 1004 2682 orationis
1042 2609 1294 2704 gratia
1350 2607 1531 2682 illuc
1585 2630 1665 2683 se
1721 2607 2075 2700 contulit,
2133 2605 2633 2703 cognovisset.
2695 2606 3176 2701 Quamquam
3231 2607 3510 2681 sancti-

633 2752 823 2827 tatis
877 2752 1149 2845 laude,
1186 2752 1252 2825 si
1305 2751 1764 2848 Peregrinae
1819 2751 2069 2826 verbis
2134 2750 2318 2825 fides
2377 2750 2810 2824 adhibenda
2865 2754 3007 2841 est,
3065 2773 3199 2847 per
3252 2754 3509 2826 toturn

636 2896 1009 2971 orientem
1081 2896 1412 2988 floreret,
1488 2900 1750 2972 tamen
1817 2896 1897 2969 in
1953 2896 2331 2986 omnibus,
2411 2917 2608 2991 quae
2684 2895 2766 2967 in
2839 2918 3110 2969 manus
3183 2897 3508 2984 versavi,

632 3039 1171 3136 hagiographis
1210 3040 1303 3114 de
1340 3040 1750 3143 Marthana
1788 3039 2208 3113 diaconissa
2246 3039 2537 3112 frustra
2605 3038 2973 3134 quaesivi.
3015 3038 3197 3111 Eius
3235 3061 3510 3115 nomen

630 3182 954 3280 legimus
1027 3185 1353 3272 tantum·
1412 3185 1928 3259 memoratum
2002 3206 2049 3256 a
2104 3181 2391 3256 Basilio
2468 3181 2818 3278 episcopo
2896 3181 3302 3274 Seleuciae,
3379 3184 3511 3279 qui

631 3324 882 3402 medio
936 3325 1202 3400 floruit
1263 3327 1566 3401 saeculo
1641 3325 1936 3422 quinto..
1994 3323 2068 3399 Is
2123 3324 2206 3398 in
2261 3323 2412 3399 fine
2487 3324 2699 3399 vitae
2774 3329 3082 3400 sanctae
3159 3325 3504 3416 Theclae,

631 3494 869 3566 quum
950 3470 1319 3566 quasdam
1399 3470 2039 3567 praeclarissimas
2117 3470 2513 3561 foeminas,
2592 3491 2786 3565 quae
2860 3493 2918 3543 s.
2997 3469 3354 3544 Theclam
3427 3469 3505 3543 in

629 3616 1095 3690 monasterio
1168 3620 1351 3691 sunt
1424 3615 1850 3692 virtutibus
1924 3617 2433 3711 pel-sequutae
2464 3670 2483 3706 ,
2560 3617 3056 3688 memorasset
3083 3672 3104 3706 ,
3181 3613 3505 3708 primam

628 3759 1116 3842 Marthanam
1189 3761 1616 3852 recensivit,
1694 3762 1960 3856 postea
2035 3762 2374 3834 caeteras
2449 3756 2811 3854 quinque.
2884 3753 3024 3831 ΕιῑἸ
3052 3758 3195 3832 hoc
3251 3758 3504 3854 colligi

626 3906 903 4000 potest,
934 3904 1422 3978 Marthanam
1451 3906 1541 3977 ut
1567 3903 1773 3978 illius
1802 3902 2245 3978 monasterii
2275 3905 2705 3976 ascetarum
2739 3903 3135 3976 auctorem
3157 3900 3505 3974 habitam

627 4067 830 4123 esse:
890 4047 1095 4143 quod
1149 4047 1215 4121 si
1269 4069 1423 4122 non
1479 4051 1737 4137 antea,
1795 4047 2069 4121 saltem
2102 4045 2531 4121 ‘Theodosii
2607 4045 3108 4142 temporibus,
3166 4044 3506 4120 evenisse

625 4214 781 4267 non
835 4191 1219 4268 immerito
1276 4192 1747 4266 arbitramur
1763 4183 1813 4265 ³.

783 4333 989 4408 Illud
1016 4334 1275 4425 etiam,
1308 4334 1510 4431 quod
1541 4335 1633 4409 de
1671 4334 2136 4430 Apotactitis
2165 4355 2389 4430 saepe
2431 4334 2718 4407 mentio
2759 4332 2839 4406 in
2879 4331 3505 4427 Peregrinatione

623 4478 830 4554 facta
884 4479 987 4552 sit
1010 4469 1060 4569 ⁴,
1121 4479 1530 4575 quamdam
1588 4480 1807 4554 nobis
1864 4503 2131 4554 ansam
2186 4478 2579 4553 statuendi
2617 4477 2985 4573 temporis
3039 4477 3379 4573 praebet.
3438 4478 3507 4551 Ii

621 4619 720 4695 ad
774 4619 1392 4695 Manichaeorum
1467 4624 1754 4696 sectam
1811 4621 2120 4711 addicti,
2195 4624 2339 4694 aut
2392 4620 2473 4693 in
2528 4642 2620 4694 ea
2672 4619 3053 4708 recensiti,
3129 4640 3207 4693 se
3281 4640 3506 4693 carne

622 4765 856 4859 atque
883 4763 1064 4839 vino
1104 4762 1622 4856 abstinebant,
1663 4787 2044 4838 summam
2073 4763 2540 4838 sustinentes
2582 4762 2939 4838 inediam.
2985 4731 3153 4836 Etsi
3209 4741 3506 4836 duobus

786 5058 804 5095 ¹
837 5061 935 5123 De
976 5061 1079 5124 his
1122 5062 1433 5142 episcopis
1468 5061 1620 5124 vide
1661 5062 1753 5124 Le
1797 5062 2017 5135 Queen
2063 5063 2282 5124 Oriens
2319 5061 2572 5138 Christ„
2614 5067 2680 5122 et
2720 5059 3167 5139 Bollandistas,
3210 5067 3274 5123 et
3315 5060 3506 5123 Tille-

619 5166 795 5220 mont
835 5162 1161 5223 Memoires
1193 5182 1367 5239 pour
1409 5164 1621 5223 I'Hist.
1665 5164 1834 5222 E'ccl.
1880 5162 1953 5223 Τ.
1993 5162 2107 5241 VI,
2149 5169 2221 5223 ut
2261 5162 2326 5222 in
2366 5160 2533 5222 notis
2573 5159 2909 5240 posuimus.

780 5261 991 5324 ²Pere
1072 5309 1086 5324 .
1176 5308 1190 5323 .
1237 5263 1316 5322 74
1374 5282 1434 5323 n.
1476 5263 1535 5321 2.

774 5357 800 5395 ³
825 5283 1070 5421 Ariangi?
1106 5283 1486 5421 AEonas'teria
1547 5358 1822 5421 virorum
1863 5365 1929 5421 et
1967 5359 2281 5438 virginum
2345 5363 2711 5421 everterunt
2753 5357 2839 5439 (S.
2883 5355 3113 5417 Athan.
3174 5356 3377 5436 Epist.
3420 5357 3503 5418 ad

617 5454 781 5517 solit.
825 5456 939 5518 vit.
980 5463 1238 5535 agentes
1284 5456 1468 5536 Oper.
1511 5457 1564 5535 Ι,
1606 5477 1667 5535 p.
1710 5457 1849 5536 859,
1882 5456 1978 5518 ed.
2010 5458 2210 5536 Paris,
2260 5457 2460 5537 1627):
2503 5476 2660 5534 quae
2687 5453 3036 5516 Theodosio
3067 5454 3213 5534 imp.
3237 5454 3499 5516 maxime

616 5553 1046 5617 refloruerunt.

776 5653 802 5688 ⁴
831 5653 1087 5732 Peregr.
1130 5674 1191 5733 p.
1238 5654 1334 5732 74,
1377 5654 1479 5732 88,
1521 5655 1618 5730 99,
1667 5653 1785 5712 100
1825 5659 1891 5713 et
1933 5655 2066 5714 104.
