4642 6650
1184 732 1309 799 128
2352 753 2551 800 rmm
2595 749 2874 800 nraoom

3122 846 3743 854 NJ-——m—--—
3792 848 3897 852 -—--
3910 842 4052 858 ——u-

1507 843 1638 850 0———u—
1679 844 1724 848 --
1779 845 1842 849 ---
1901 844 2120 850 --ο--,--,,

1176 970 1339 1068 peri
1392 971 1715 1068 prebent
1768 970 2085 1047 victum.
2144 972 2237 1045 In
2274 972 2539 1048 eodem
2581 973 2879 1049 deserto
2917 976 3105 1048 sunt
3144 974 3455 1049 arbores
3511 974 3699 1049 folia
3751 975 3919 1050 lata
3972 977 4059 1051 et

1176 1096 1510 1171 rotunda
1572 1097 1801 1171 lactei
1866 1097 2138 1171 coloris
2195 1100 2275 1173 et
2339 1098 2617 1173 melliti
2681 1100 2969 1196 saporis
3041 1100 3437 1192 habenteS,
3494 1122 3716 1197 quae,
3771 1104 4056 1175 natura

1175 1222 1433 1318 fragili
1495 1223 1848 1302 manibus
1914 1222 2435 1299 confricantur
2488 1227 2570 1300 et
2623 1225 3007 1300 eduntur:
3065 1227 3209 1301 hoc
3271 1247 3433 1301 esse
3489 1226 3643 1300 mel
3696 1226 4052 1305 silvestre

1178 1347 1478 1422 dicitur.
1538 1346 1835 1422 Ibidem
1875 1351 1955 1422 et
1989 1347 2162 1423 fons
2199 1348 2446 1423 sancti
2483 1348 2848 1423 Iohannis
2885 1350 3285 1446 Baptistae
3323 1350 3756 1425 ostenditur
3799 1350 4054 1426 lucida
4173 1390 4179 1393 >

1176 1497 1378 1569 aqua
1432 1472 1736 1570 lapideo
1792 1477 2185 1570 protectus
2237 1477 2473 1566 tecto,
2532 1475 2735 1551 calce
2789 1476 3094 1573 perlit0.

1336 1601 1563 1693 (Per.)
1631 1600 1774 1686 Qui
1829 1604 2093 1676 autem
2130 1601 2229 1675 ad
2262 1601 2672 1675 Iordanem
2707 1601 2819 1677 ire
2858 1603 2954 1676 ab
2994 1602 3411 1678 Ierusalem
3468 1602 3874 1696 desiderat,
3919 1625 4054 1699 per
4164 1669 4169 1673 .

1177 1728 1521 1801 montem
1579 1726 1860 1800 Oliveti
1917 1725 2305 1800 descendit
2364 1716 2408 1798 ¹.

1336 1851 1634 1944 (Aaou.)
1692 1842 1760 1925 A
1815 1854 2078 1925 monte
2128 1851 2411 1926 Oliveti
2468 1850 2812 1927 Christus
2868 1853 3210 1928 ascendit
3264 1852 3361 1926 ad
3415 1853 3736 1945 coelum,
3795 1858 3877 1928 et
3944 1854 4050 1929 ibi

1175 1977 1359 2051 fecit
1384 1977 1619 2052 Pater
1645 1979 1907 2051 noster
1931 1967 1980 2051 ².
2013 1977 2230 2050 Mons
2260 1977 2527 2049 autem
2567 1975 2774 2073 Syon
2812 2000 2859 2051 a
2897 1977 3214 2052 meridie
3252 1981 3393 2068 est,
3424 1977 3534 2051 ibi
3564 1977 3758 2074 obiit
3786 1983 4053 2054 sancta

1173 2103 1418 2177 Maria
1445 2095 1473 2136 ³
1517 2105 1598 2177 et
1634 2103 1742 2176 ibi
1792 2103 2165 2176 Dominus
2221 2102 2581 2178 coenavit
2635 2124 2808 2178 cum
2864 2103 3251 2198 discipulis
3306 2103 3486 2195 suis,
3542 2106 3624 2178 et
3676 2103 3787 2178 ibi
3838 2106 4052 2179 misit

1176 2227 1545 2323 Spiritum
1602 2231 1953 2303 sanctum
2008 2250 2231 2324 super
2288 2228 2719 2323 discipulos.
2777 2228 2870 2301 In
2925 2229 3238 2304 ecclesia
3290 2251 3498 2320 vem,
3557 2251 3753 2324 quae
3801 2234 3922 2304 est
3968 2229 4051 2304 in

1173 2353 1596 2444 Bethleem,
1654 2356 1773 2428 est
1833 2375 2119 2444 mensa,
2176 2353 2260 2427 in
2313 2377 2467 2449 qua
2531 2353 2862 2429 comedit
2924 2358 3191 2429 sancta
3246 2353 3489 2428 Maria
3554 2377 3730 2429 cum
3801 2355 4049 2429 tribus

1172 2479 1477 2574 regibus
1534 2478 1921 2554 Christum
1976 2479 2118 2553 Dei
2172 2479 2422 2553 filium
2473 2479 3072 2575 requirentibus,
3132 2479 3550 2555 Columnae
3605 2482 3787 2554 sunt
3838 2480 4051 2555 intus

1171 2603 1419 2699 ipsam
1491 2604 1884 2702 ecclesiam
1957 2604 2360 2712 sexaginta
2431 2603 2859 2699 quadtuor:
2920 2605 3028 2679 ibi
3083 2604 3571 2700 requiescunt
3641 2606 3859 2702 pueri
3912 2628 4048 2703 pro

1175 2729 1474 2805 Christo
1531 2731 1629 2804 ab
1685 2730 1932 2804 Erode
1989 2731 2402 2806 interfecti.

1339 2856 1566 2948 (Per.)
1623 2856 2159 2931 Fundamenta
2203 2879 2389 2932 vero
2428 2879 2826 2931 murorum
2863 2858 3075 2932 urbis
3112 2839 3432 2950 Iericho,
3489 2878 3680 2954 quos
3735 2856 4048 2933 subver-

1171 2981 1278 3053 tit
1315 2979 1527 3054 Iesus
1580 2978 1784 3054 filius
1836 2979 2083 3074 Nave,
2123 2981 2373 3055 adhuc
2410 3004 2501 3056 ex
2539 2984 2760 3078 parte
2799 2984 3094 3077 parent.
3134 2982 3384 3057 Arbor
3420 3003 3603 3057 vero
3643 2983 4047 3079 sycomori,

1171 3107 1250 3180 in
1308 3130 1463 3202 qua
1516 3106 1859 3182 ascendit
1931 3107 2288 3199 ZacheuS,
2350 3111 2511 3183 stat
2564 3108 2788 3182 iuxta
2844 3108 3157 3182 domum
3229 3108 3444 3182 Raab
3485 3106 3533 3183 ⁴.
3592 3108 3767 3184 Non
3820 3109 4045 3206 longe

1169 3236 1433 3307 autem
1487 3232 1584 3305 ab
1620 3232 1913 3307 Iericho
1962 3236 2079 3307 est
2115 3233 2349 3325 locus,
2389 3233 2592 3308 unde
2628 3233 2834 3308 Elias
2889 3215 3158 3330 raptus
3195 3238 3314 3309 est
3348 3235 3431 3308 in
3484 3235 3757 3310 celum.
3799 3234 4044 3309 Trans

1169 3356 1571 3432 Iordanem
1626 3378 1809 3433 vero
1865 3361 2049 3430 sunt
2103 3361 2405 3433 montes
2470 3359 2745 3433 excelsi
2806 3359 3054 3450 val'de,
3111 3359 3317 3433 inter
3381 3381 3569 3455 quos
3626 3363 3745 3434 est
3806 3359 4044 3434 altior

1167 3506 1391 3577 unus,
1446 3484 1578 3580 qui
1632 3486 1954 3591 vocatur
2006 3483 2080 3556 N
2083 3484 2284 3557 abau
2309 3476 2360 3575 5,
2399 3484 2481 3557 in
2520 3506 2671 3579 quo
2709 3484 3051 3560 ascendit
3104 3485 3428 3582 Moyses„
3486 3485 3790 3580 quando
3839 3485 4042 3560 vidit

1169 3609 1462 3682 terram
1515 3607 2144 3703 repromissionis,
2195 3610 2279 3682 et
2333 3612 2687 3695 mortuus
2723 3613 2863 3684 est.
2905 3608 3223 3683 Gabaon
3276 3626 3430 3683 non
3484 3609 3711 3704 longe
3767 3610 3888 3684 est
3941 3607 4041 3681 ab

1340 3920 1360 3956 ¹
1402 3922 1482 3983 Id
1536 3942 1613 3984 ex
1670 3923 2014 4001 Peregrina
2075 3922 2511 4003 depromptum
2566 3943 2705 3986 esse
2759 3923 3026 4002 videtur,
3080 3944 3269 4002 quum
3325 3925 3403 3985 ab
3458 3921 3913 4002 Hierosolymis
3965 3920 4047 3983 ad

1171 4018 1490 4083 civitatem
1528 4021 1574 4082 J
1577 4021 1781 4082 ericho
1823 4022 2172 4100 vallemque
2213 4022 2259 4083 J
2262 4022 2511 4083 ordanis
2551 4043 2814 4101 pergere
2855 4023 3201 4085 statuisset.

1328 4119 1353 4154 ²
1391 4120 1809 4199 Hieronymus
1849 4120 1917 4181 in
1952 4121 2178 4182 Matth.
2224 4121 2301 4200 (c.
2344 4121 2423 4198 V,
2463 4141 2522 4182 v.
2570 4122 2629 4201 1)
2674 4121 2894 4183 scribit
2930 4122 3260 4185 nonnullos
3301 4121 3745 4201 simpliciorum
3782 4118 4046 4183 fratrum

1165 4224 1390 4299 putare
1433 4218 1753 4281 Christum
1779 4219 2221 4298 beatitudines,
2265 4226 2331 4281 et
2371 4240 2528 4298 quae
2569 4226 2908 4298 sequuntur
2952 4220 3220 4302 (scilicet
3259 4221 3447 4281 etiam
3483 4219 3824 4282 orationem
3856 4220 4047 4280 Pater

1167 4321 1422 4399 noster),
1461 4318 1527 4379 in
1570 4318 1804 4379 Oliveti
1845 4325 2051 4381 monte
2091 4318 2397 4381 docuisse.
2443 4319 2586 4397 Sed,
2628 4339 2815 4397 quum
2853 4319 3246 4400 perspicuum
3286 4320 3389 4398 sit,
3433 4326 3506 4380 ut
3545 4319 3729 4399 paulo
3782 4316 4045 4380 inferius

1166 4416 1426 4493 videsis,
1470 4418 1875 4496 Peregrinam
1917 4418 2102 4480 aliter
2131 4419 2425 4495 sensisse,
2459 4424 2524 4479 et
2550 4418 2867 4480 meliorem
2908 4425 3155 4497 patrum
3184 4417 3535 4497 opinionem
3576 4437 3719 4480 esse
3749 4422 4045 4495 secutam,

1167 4514 1321 4577 haec
1362 4536 1438 4577 ex
1479 4517 1784 4579 Anonimo
1827 4517 2090 4595 quodam
2130 4516 2459 4597 desumpta
2500 4537 2640 4579 esse
2683 4517 2968 4579 arbitror.

1326 4613 1351 4650 ³
1394 4612 1576 4688 Quod
1618 4617 1902 4694 sequitur
1942 4616 2022 4677 ad
2063 4617 2466 4695 Peregrinam
2520 4613 2808 4695 ‘profecto
2849 4635 2973 4678 non
3013 4622 3272 4695 spectat.
3331 4615 3502 4678 Nota
3543 4616 3733 4678 etiam
3771 4615 4046 4677 locorum

1170 4712 1613 4794 confusionem,
1665 4715 1732 4775 in
1786 4736 1969 4793 quam
2009 4714 2236 4776 Petrus
2279 4716 2589 4777 Diaconus
2652 4714 2934 4791 offendit,
2975 4716 3119 4776 hino
3179 4714 3327 4777 inde
3370 4722 3661 4795 excerpta
3692 4741 3696 4746 ·
3722 4715 4041 4795 colligens.

1193 4884 1204 4891 .
1326 4812 1354 4847 ⁴
1391 4812 1490 4874 De
1530 4821 1749 4875 vetere
1788 4814 2032 4879 Iericho
2074 4814 2356 4875 nonnihil
2398 4821 2722 4893 supererat
2764 4815 3011 4876 saeculo
3052 4814 3250 4894 primo
3293 4834 3355 4894 p.
3399 4813 3510 4875 Ch.
3549 4821 3621 4875 ut
3662 4834 3740 4875 ex
3778 4814 4043 4894 Iosepho

1169 4909 1352 4990 (Bell.
1392 4910 1436 4971 1.
1477 4911 1555 4986 V,
1597 4930 1649 4971 c.
1691 4911 1775 4989 4).
1820 4910 2050 4972 Euseb.
2092 4910 2160 4971 in
2196 4911 2479 4973 Iericho:
2528 4934 2560 4968 ι
2593 4910 3023 4973 Ostenduntur
3061 4911 3384 4989 utriusque
3432 4910 3607 4973 urbis
3664 4911 3925 4991 (veteris
3978 4917 4048 4973 et

1163 5009 1388 5089 novae)
1429 5007 1700 5087 vestigia
1738 5028 1937 5086 usque
1975 5009 2042 5069 in
2082 5014 2477 5087 praesentem
2516 5006 2685 5070 diem
2708 5032 2763 5068 ».
2808 5006 2932 5069 Sed
2972 5008 3039 5068 in
3078 5008 3294 5069 Itiner.
3341 5006 3533 5069 Burd.
3563 5008 3736 5071 nulla
3773 5006 4046 5086 vestigia

1166 5107 1441 5169 civitatis
1482 5128 1780 5188 apparere
1822 5109 2126 5171 dicuntur.
2151 5107 2422 5169 Tantum
2442 5108 2524 5168 de
2544 5107 3041 5169 reaedificatione
3062 5108 3481 5186 Hieronymus
3510 5107 3728 5169 scribit
3758 5107 4043 5187 (Peregr.

1166 5226 1217 5268 s.
1242 5206 1475 5268 Paulae
1496 5208 1553 5287 §-
1586 5208 1721 5287 14):
1768 5230 1800 5264 ‹
1828 5208 2127 5285 Ingressa
2165 5206 2412 5267 Iericho
2452 5206 2617 5267 vidit
2654 5207 2889 5282 urbem,
2913 5226 3094 5283 quam
3123 5205 3412 5267 fundavit
3438 5206 3588 5267 Hiel
3608 5206 3675 5266 in
3705 5205 3964 5267 Abiram
3987 5227 4045 5266 ν.

1165 5303 1344 5368 Idem
1372 5306 1604 5367 Anton.
1644 5327 1724 5367 m.
1768 5327 1900 5386 cap.
1932 5307 2041 5367 13:
2075 5328 2106 5363 ‹
2137 5306 2196 5365 A
2225 5312 2430 5367 terrae
2459 5312 2631 5366 motu
2657 5305 2816 5366 muri
2845 5304 3072 5365 diruti:
3119 5303 3340 5366 domus
3380 5304 3558 5366 Raab
3584 5310 3731 5382 stat,
3759 5323 3917 5383 qnae
3945 5310 4047 5365 est

1164 5401 1611 5464 xenodochium
1634 5426 1690 5465 ›.

1325 5500 1349 5537 ⁵
1386 5501 1485 5563 De
1524 5509 1731 5564 monte
1771 5502 1993 5564 Nabau
2023 5502 2252 5582 (versio
2280 5501 2521 5563 Graeca
2547 5522 2657 5581 pro
2699 5501 2924 5584 Nebo),
2953 5522 3135 5580 quem
3182 5508 3403 5581 postea
3430 5520 3480 5563 s.
3512 5501 3711 5565 Silvia
3736 5496 4049 5580 ascendit,

1176 5599 1322 5664 vide
1362 5600 1936 5680 Peregrinationem
1973 5622 2114 5685 pag.
2160 5603 2234 5666 51
2279 5607 2346 5662 et
2385 5620 2553 5680 seqq.
