4642 6650
1199 782 1285 849 66
2180 799 2233 847 s.
2282 800 2547 847 suman
2592 801 3084 848 Pnasonmarto

1197 1044 1285 1096 ac
1320 1022 1383 1094 si
1420 1020 1700 1096 fluvius
1755 1021 2022 1116 ingens
2060 1023 2492 1115 argenteus.
2533 1019 2635 1093 Et
2668 1022 2855 1093 tunc
2905 1019 3180 1094 retulit
3214 1020 3447 1094 michi
3502 1019 3594 1092 de
3650 1020 3816 1116 ipsa
3868 1041 4071 1115 aqua

1196 1147 1303 1222 sic
1331 1150 1640 1262 sapctus
1676 1146 2067 1243 episcopus
2105 1145 2399 1220 dicens:
2441 1144 2772 1242 quodam
2810 1148 3174 1241 tempore,
3214 1147 3713 1240 posteaquam
3760 1143 4070 1240 scripse·

1195 1277 1323 1347 rat
1375 1273 1726 1369 Aggarus
1762 1293 1898 1345 rex
1934 1271 2031 1344 ad
2076 1270 2513 1362 Dominum,
2553 1273 2634 1345 et
2670 1269 3041 1344 Dominus
3075 1270 3564 1365 rescripserat
3601 1268 3903 1366 Aggaro
3940 1290 4074 1364 per

1197 1398 1580 1473 Ananiam
1633 1418 2042 1487 cursorem,
2100 1396 2300 1471 sicut
2354 1396 2722 1491 scriptum
2776 1398 2895 1471 est
2948 1395 3030 1468 in
3058 1396 3222 1491 ipsa
3260 1394 3624 1490 epistola:
3680 1397 4071 1468 transacto

1199 1544 1379 1618 ergo
1435 1522 1833 1616 aliquanto
1901 1523 2269 1616 tempore,
2347 1519 2898 1614 superveniunt
2958 1518 3193 1610 Persi,
3233 1522 3316 1594 et
3360 1520 3619 1614 girant
3673 1517 4069 1593 civitatem

1199 1648 1453 1721 istam.
1488 1645 1632 1721 Sed
1662 1645 1925 1720 statim
1953 1645 2303 1740 Aggarus
2339 1642 2741 1738 epistolam
2770 1642 3077 1716 Domini
3108 1643 3355 1717 ferens
3393 1642 3491 1716 ad
3529 1646 3857 1738 portam,
3898 1664 4071 1717 cum

1201 1772 1410 1847 omni
1465 1772 1800 1847 exercitu
1854 1792 1991 1845 suo
2044 1769 2346 1865 publice
2390 1770 2666 1844 oravit.
2704 1769 2806 1843 Et
2842 1772 3017 1863 post
3054 1768 3290 1842 dixit:
3346 1768 3670 1843 Domine
3725 1768 3922 1859 Iesu,
3978 1775 4071 1840 tu

1201 1896 1652 1994 promiseras
1682 1895 1923 1986 nobis,
1955 1917 2051 1970 ne
2087 1894 2363 1990 aliquis
2399 1894 2737 1968 hostium
2775 1894 3304 1990 ingrederetur
3329 1894 3726 1969 civitatem
3756 1895 3983 1968 istam
4015 1884 4073 1966 ¹:

1204 2025 1286 2097 et
1322 2043 1490 2097 ecce
1527 2042 1728 2095 nunc
1763 2020 2040 2095 Persae
2077 2019 2535 2115 impugnant
2570 2041 2734 2093 noS.
2776 2018 2993 2105 Quod
3030 2042 3203 2094 cum
3241 2018 3573 2110 dixisset,
3612 2022 3882 2094 tenens
3918 2040 4077 2091 ma-

1204 2148 1430 2221 nibus
1482 2146 1760 2221 levatis
1799 2144 2198 2242 epistolam
2237 2144 2478 2239 ipsam
2518 2146 2866 2240 apertam
2903 2165 3060 2234 rex,
3102 2144 3198 2216 ad
3236 2143 3492 2217 subito
3543 2145 3811 2217 tantae
3863 2145 4075 2217 tene-

1203 2273 1388 2346 brae
1415 2270 1666 2346 factae
1702 2272 1884 2344 sunt
1921 2269 2124 2343 foras
2164 2269 2584 2359 civitatem,
2623 2271 2886 2343 tamen
2925 2270 3106 2341 ante
3147 2267 3405 2341 oculos
3440 2267 3870 2358 Persarum,
3903 2288 4075 2340 cum

1155 2398 1360 2471 ‚iam
1415 2418 1647 2493 prope
1704 2396 2077 2492 plicarent
2130 2394 2456 2485 civitati,
2531 2393 2647 2467 ita
2702 2398 2792 2467 ut
2845 2415 3085 2489 usque
3136 2393 3459 2467 tertium
3513 2392 3927 2466 miliarium
3984 2391 4077 2464 de

1093 3532 1162 3589 50

1207 2521 1524 2597 civitate
1579 2522 1863 2595 essent:
1922 2519 2053 2593 sed
2107 2520 2222 2592 ita
2276 2540 2454 2592 mox
2506 2518 2844 2593 tenebris
2881 2518 3180 2592 turbati
3234 2521 3440 2609 sunt,
3497 2521 3590 2591 ut
3642 2517 3773 2592 vix
3828 2519 4080 2592 castra

1206 2648 1606 2742 ponerent,
1662 2647 1743 2719 et
1796 2645 2274 2740 pergirarent
2330 2643 2411 2716 in
2466 2641 2795 2716 miliario
2848 2644 3085 2717 tertio
3142 2645 3393 2717 totam
3432 2643 3854 2717 civitatem.
3893 2641 4018 2713 Ita
4052 2631 4081 2674 ²

1210 2775 1476 2845 autem
1528 2770 1828 2843 turbati
1884 2771 2066 2843 sunt
2121 2770 2421 2860 Persae,
2500 2773 2592 2843 ut
2662 2791 3082 2863 numquam
3141 2766 3489 2843 viderent
3562 2769 3851 2863 postea,
3921 2782 4076 2861 qua

1212 2898 1432 2991 parte
1466 2894 1549 2967 in
1575 2894 1972 2970 civitatem
2011 2891 2620 2988 ingrederentur;
2661 2891 2792 2966 sed
2821 2891 3294 2966 custodirent
3322 2890 3716 2967 civitatem
3744 2911 3879 2985 per
3913 2888 4081 2983 giro

1213 3019 1504 3092 clusam
1567 3017 1916 3091 hostibus
1978 3016 2061 3089 in
2096 3017 2428 3091 miliario
2482 3019 2745 3090 tamen
2780 3016 3043 3106 tertio,
3099 3037 3330 3111 quam
3385 3017 3648 3088 tamen
3704 3011 4081 3088 custodie-

1213 3145 1400 3216 runt
1444 3141 1828 3216 mensibus
1894 3140 2226 3236 aliquod.
2264 3139 2761 3215 Postmodum
2809 3142 3092 3231 autem,
3146 3162 3322 3214 cum
3374 3138 3724 3215 viderent
3763 3159 3843 3213 se
3868 3138 4085 3210 nullo

1217 3265 1441 3341 modo
1479 3286 1695 3363 posse
1751 3264 2045 3361 ingredi
2108 3264 2188 3338 in
2253 3265 2674 3356 civitatem,
2719 3264 3129 3340 voluerunt
3166 3263 3296 3338 siti
3351 3285 3480 3341 eos
3536 3262 3895 3355 occidere,
3954 3262 4087 3359 qui

1216 3396 1296 3467 in
1352 3394 1668 3468 civitate
1732 3394 1973 3466 erant.
2036 3389 2232 3464 Nam
2295 3391 2800 3465 monticulum
2837 3391 3097 3479 istum,
3141 3413 3369 3486 quem
3424 3389 3659 3477 vides,
3715 3389 3896 3479 filia,
3957 3412 4087 3462 su-

1216 3540 1351 3613 per
1403 3517 1720 3592 civitate
1774 3515 1937 3605 hac,
1995 3515 2077 3587 in
2132 3514 2264 3587 illo
2320 3517 2662 3609 tempore
2699 3514 2859 3608 ipse
2897 3514 3075 3588 huic
3116 3506 3126 3614 Ι
3170 3514 3470 3591 civitati
3526 3536 3806 3609 aquam
3863 3513 4086 3585 mini-

1217 3642 1538 3716 strabat.
1599 3642 1809 3714 Tunc
1851 3640 2201 3714 videntes
2266 3639 2410 3714 hoc
2458 3641 2733 3714 Persae
2798 3642 3251 3714 averterunt
3288 3640 3530 3735 ipsam
3569 3661 3850 3734 aquam
3889 3662 3936 3711 a
3985 3638 4088 3711 ci·

1216 3767 1487 3857 vitate,
1547 3768 1628 3840 et
1680 3765 2029 3840 fecerunt
2083 3766 2155 3839 ei
2197 3765 2617 3840 decursum
2657 3769 2924 3838 contra
2980 3765 3141 3859 ipso
3198 3765 3388 3853 1000,
3444 3764 3579 3837 ubi
3636 3762 3781 3859 ipsi
3832 3765 4087 3836 castra

1218 3892 1469 3988 posita
1498 3891 1912 3965 habebant.
1943 3889 2034 3962 In
2071 3911 2162 3964 ea
2190 3910 2372 3985 ergo
2402 3889 2548 3980 die,
2579 3892 2660 3963 et
2689 3890 2769 3962 in
2798 3910 2889 3963 ea
2919 3890 3132 3979 hora,
3164 3911 3315 3983 qua
3344 3889 3790 3963 averterant
3817 3886 4096 3961 Persae

1219 4040 1524 4112 aquam,
1582 4016 1851 4088 statim
1887 4015 1997 4088 hii
2035 4015 2307 4106 fonteS,
2349 4037 2537 4110 quos
2573 4014 2786 4089 vides
2825 4015 2903 4088 in
2935 4036 3024 4088 eo
3063 4015 3254 4105 loco,
3296 4013 3501 4088 iusso
3537 4012 3678 4088 Dei
3716 4035 3763 4085 a
3799 4015 4041 4087 semet
4066 4001 4094 4044 ³

1220 4145 1680 4239 eruperunt:
1723 4163 1816 4216 ex
1856 4163 1948 4215 ea
1985 4140 2107 4215 die
2143 4141 2226 4213 hi
2263 4140 2516 4214 fontes
2553 4162 2794 4235 usque
2832 4140 2913 4212 in
2950 4138 3175 4214 hodie
3203 4141 3658 4234 permanent
3695 4137 3817 4211 hic
3841 4136 4096 4232 gratia

1221 4266 1386 4341 Dei.
1428 4266 1571 4339 Illa
1609 4268 1874 4340 autem
1911 4288 2136 4360 aqua,
2176 4288 2409 4361 quam
2448 4265 2725 4339 Persae
2765 4266 3230 4352 averterant,
3261 4264 3376 4337 ita
3411 4263 3693 4339 siccata
3730 4265 3849 4337 est
3886 4262 3966 4334 in
4004 4283 4098 4336 ea

1220 4452 1555 4516 Antiochia
1593 4451 1931 4530 dicebatur,
1977 4451 2329 4514 Callirohen
2371 4473 2408 4514 a
2447 4451 2622 4514 fonte
2663 4451 3039 4514 nominatam
3063 4476 3117 4513 ›.
3174 4452 3259 4513 Et
3307 4451 3373 4512 in
3413 4451 3636 4512 Chron.
3685 4450 3908 4513 Edess.
3950 4449 4100 4529 legi·

1221 4571 1386 4613 mus:
1433 4574 1464 4610 κ
1487 4552 1668 4612 Anno
1710 4551 2202 4629 quingentesimo
2243 4550 2431 4612 tertio
2474 4550 2710 4612 decimo
2750 4552 3094 4629 imperante
3145 4550 3376 4612 Severo
3433 4550 3595 4630 (ann.
3637 4549 3923 4629 202-203)
3980 4549 4097 4609 sub

1221 4649 1473 4729 Abgaro
1500 4648 1628 4709 filio
1657 4648 1866 4709 Maani
1891 4668 2060 4726 rege,
2088 4668 2300 4710 mense
2326 4648 2665 4725 novembri,
2692 4647 2833 4709 fons
2862 4648 2967 4726 qui
3009 4668 3085 4708 ex
3123 4647 3339 4708 maiori
3367 4647 3605 4724 Abgari
3632 4646 3841 4724 magni
3865 4646 4099 4726 palatio

1224 4745 1506 4825 erumpit,
1540 4744 1713 4806 iuxta
1738 4764 1969 4806 morem
1996 4745 2348 4822 exundavit,
2378 4745 2686 4806 latissima
2711 4745 2777 4805 in
2807 4765 3016 4807 omnes
3043 4753 3257 4824 partes
3287 4743 3612 4823 alluvione,
3643 4743 3798 4805 adeo
3824 4750 3896 4803 ut
3923 4743 4098 4819 atria,

1224 4834 1518 4927 porticus,
1561 4850 1625 4904 et
1665 4843 1853 4906 aedes
1894 4844 2101 4920 regias
2140 4843 2464 4906 invaderet
2494 4868 2548 4902 ».

1387 4941 1407 4977 ¹
1434 4942 1532 5002 De
1571 4941 1979 5021 promissione
2025 4941 2258 5002 Christi
2299 4941 2365 5002 in
2407 4943 2672 5019 epistola
2711 4942 2791 5003 ad
2831 4943 3147 5020 Abgarum
3189 4941 3399 5016 missa,
3443 4940 3745 5003 Edessam
3770 4959 4103 5017 numquam

1226 5041 1292 5102 in
1312 5040 1586 5101 hostium
1624 5046 2002 5119 potestatem
2029 5044 2370 5115 venturam,
2399 5039 2636 5100 nullum
2663 5040 2729 5100 in
2756 5038 3128 5120 apographO,
3157 5039 3320 5117 quod
3351 5038 3621 5117 sumpsit
3644 5038 3973 5116 Eusebius,
4003 5045 4101 5100 est

1225 5139 1596 5218 vestigium:
1617 5158 1833 5201 verum
1861 5138 2167 5217 ejusmodi
2193 5138 2666 5218 promissionem
2686 5146 3027 5201 memorant
3054 5138 3115 5199 S.
3138 5137 3409 5217 Ephrem
3442 5137 3555 5217 Op.
3577 5137 3612 5197 Ι
3632 5157 3692 5216 p.
3714 5138 3852 5213 362,
3874 5136 4103 5196 Darius

1226 5258 1432 5302 comes
1470 5239 1539 5299 in
1579 5259 1675 5319 ep.
1719 5237 1800 5300 ad
1839 5240 2105 5316 August.
2149 5239 2271 5318 (ep.
2313 5239 2476 5320 362).
2521 5239 2755 5300 Eadem
2795 5238 3136 5318 Procopius
3181 5237 3279 5317 (B.
3301 5236 3480 5299 Pers.
3510 5237 3552 5298 1.
3581 5237 3669 5316 Π,
3698 5257 3750 5298 c.
3782 5237 3905 5315 12),
3932 5234 4106 5296 mini-

1226 5357 1327 5399 me
1367 5344 1577 5399 tamen
1616 5335 1925 5412 credulus,
1967 5343 2194 5412 narrat,
2237 5357 2374 5397 cum
2416 5357 2530 5399 sua
2571 5343 2780 5398 aetate
2821 5334 3066 5399 Edessa
3106 5356 3143 5397 a
3180 5336 3399 5398 Persis
3442 5335 3765 5398 obsidione
3800 5353 4107 5415 premere-

1228 5441 1349 5495 tur.
1391 5435 1489 5494 Ex
1527 5433 1829 5513 Procopio
1869 5440 2076 5496 autem
2116 5433 2426 5513 Evagrius
2466 5435 2547 5494 H.
2592 5434 2663 5495 E.
2704 5434 2746 5494 1.
2789 5434 2902 5511 IV,
2943 5454 2995 5495 c.
3037 5434 3135 5494 27.

1389 5530 1414 5566 ²
1443 5530 1594 5592 Ood.
1635 5535 1742 5593 Ita
1784 5538 1987 5593 tamen
2027 5539 2248 5608 autem,
2291 5530 2405 5592 sed
2450 5539 2651 5592 tamen
2693 5538 2792 5592 est
2830 5530 3014 5593 lineis
3056 5535 3445 5609 expunctum.

1390 5627 1415 5663 ³
1445 5627 1597 5689 Cod.
1641 5651 1680 5689 a
1722 5631 1919 5689 semel.
