4642 6650
1144 2350 1215 2405 27

1268 704 1355 769 28
2529 724 2585 772 e.
2631 724 2891 771 niman

1267 943 1674 1018 veritatem
1731 942 2076 1034 disceret,
2133 945 2226 1015 ut
2280 941 2705 1017 doctrinam
2761 944 3114 1019 veritatis
3170 967 3263 1020 ex
3334 945 3634 1021 ratione
3709 947 4149 1045 susciperet,

1266 1071 1360 1141 ut
1412 1067 1808 1142 scientiam
1865 1066 2072 1142 vitae
2128 1068 2528 1162 tamquam
2586 1069 2682 1142 ab
2738 1068 2920 1163 ipsis
2977 1070 3190 1143 cunis
3246 1075 3612 1166 provecta
3668 1078 4149 1168 sequeretur:

1268 1192 1552 1267 scilicet
1588 1214 1743 1266 non
1781 1193 2207 1287 ambigeret
2244 1193 2494 1267 Deum
2532 1215 2624 1267 ex
2665 1193 2848 1284 Deo,
2912 1217 3084 1269 cum
3141 1195 3512 1270 Dominus
3572 1197 3871 1292 plueret
3907 1224 3953 1273 a
4003 1201 4157 1276 Do-

1266 1319 1475 1392 mino
1514 1339 1666 1391 non
1704 1316 2096 1411 ignoraret
2131 1317 2382 1391 Deum
2421 1342 2659 1391 unum
2689 1319 3211 1395 innascibilem
3236 1313 3298 1394 ¹:
3342 1344 3511 1396 cum
3583 1322 3785 1398 Deus
3826 1326 4147 1416 iuberet,

1267 1465 1421 1516 non
1475 1441 1801 1517 nesciret
1837 1441 2088 1516 Deum
2125 1442 2644 1538 unigenitum:
2686 1465 2861 1518 cum
2902 1443 3106 1519 Deus
3145 1445 3452 1536 faceret,
3495 1442 3648 1521 non
3701 1451 4148 1546 ambigeret,

1269 1569 1471 1666 quod
1529 1568 1679 1641 duo
1735 1591 1976 1640 unum
2034 1568 2229 1643 sint:
2290 1591 2465 1643 cum
2521 1593 2764 1643 unum
2820 1572 3242 1646 communis
3299 1571 3651 1668 imaginis
3709 1575 3787 1647 in
3843 1577 4151 1652 homine

1270 1693 1724 1771 conderetur
1779 1695 2232 1789 exemplum,
2291 1717 2445 1769 non
2491 1699 2833 1791 negaret,
2891 1697 3194 1791 quando
3251 1696 3455 1773 Deus
3514 1700 3595 1772 in
3629 1700 4018 1776 hominem
4026 1759 4148 1777 .....

1484 1944 1749 2036 (Multa
1802 1947 2068 2035 desunt,
2119 1945 2413 2035 fortasse
2464 1947 2601 2019 duo
2654 1948 3136 2039 quaterniones
3187 1970 3306 2022 seu
3336 1950 3633 2043 payinae
3667 1951 3957 2044 triginta
4011 1954 4174 2026 duoe

1698 2070 2251 2160 interciderunt.)

1275 2317 1283 2427 Ι
1337 2323 1685 2421 patribus
1740 2322 2066 2419 genitos.
2124 2321 2225 2395 Et
2280 2325 2724 2417 promptum
2766 2326 2884 2398 est
2958 2323 3226 2400 audire
3283 2325 3612 2398 Paulum
3669 2327 4150 2422 gloriantem,

1272 2450 1473 2547 quod
1510 2472 1600 2524 ex
1638 2447 2006 2521 Hebraeis
2046 2447 2388 2522 israelita
2447 2448 2550 2522 sit
2589 2448 2680 2521 de
2711 2450 2924 2522 tribu
2958 2449 3384 2524 Beniamin.
3424 2451 3623 2547 Ergo
3680 2475 3851 2527 cum
3889 2453 4154 2528 Heliae

1272 2575 1608 2650 officium
1645 2574 1747 2647 sit
1783 2575 2224 2649 convertere
2281 2572 2508 2647 corda
2546 2575 2855 2669 patrum
2893 2573 2993 2646 ad
3035 2574 3254 2665 filios,
3314 2576 3698 2670 perfectae
3736 2578 3900 2651 eius
3936 2599 4151 2674 prae·

1273 2699 1674 2775 dicationis
1731 2699 2179 2796 mysterium
2237 2702 2698 2790 reservatur,
2757 2702 2849 2773 ut
2902 2700 3000 2772 ad
3056 2723 3225 2774 earn
3279 2700 3505 2776 fidem
3545 2705 3803 2797 patres
3840 2725 4150 2778 conver·

1275 2828 1418 2916 tat,
1479 2847 1708 2920 quam
1769 2824 1921 2898 iam
1978 2823 2315 2899 eiusdem
2373 2825 2688 2919 spiritus
2747 2825 3196 2920 prophetiae
3262 2826 3745 2903 confirmavit
3800 2828 3880 2901 in
3954 2828 4151 2904 filiis.

1434 3204 1644 3279 Finit
1683 3205 2088 3278 Tractatus
2125 3203 2671 3300 Mysteriorum
2713 3204 2784 3279 S.
2826 3204 3103 3279 Hilarii
3139 3205 3473 3302 episcopi
3513 3208 3607 3281 ab
3640 3206 3884 3280 Adam
3917 3230 4157 3303 usque

1276 3331 1372 3405 ad
1428 3331 1617 3424 Noe,
1676 3331 1947 3407 deinde
2002 3331 2327 3424 Abraae,
2368 3332 2604 3424 IsaaC,
2647 3332 2898 3425 Iacob,
2958 3334 3264 3431 MoysiS,
3323 3337 3403 3409 et
3461 3333 3647 3410 Osee
3704 3336 4146 3432 prophetae,

1276 3460 1357 3533 et
1410 3456 1703 3532 Heliae.

2129 3707 2517 3803 Incipiunt
2571 3707 2859 3804 Hymni
2914 3708 3287 3783 eiusdem.

1569 4074 1771 4158 elix2
1825 4083 2197 4180 propheta
2251 4083 2524 4175 David,
2886 4083 3056 4175 dici,
3114 4083 3195 4155 ni
3223 4078 3249 4118 ⁴
3302 4086 3523 4178 pater
3580 4086 3719 4172 est,

1329 4107 1377 4506 Ι
1476 4107 1857 4342 :primus
1912 4211 2181 4304 organi
2887 4207 3089 4303 quod
3143 4211 3363 4303 pater
3416 4210 3520 4281 sit
3573 4210 3869 4303 potest‘l

1570 4332 1651 4407 in
1707 4356 1931 4409 carne
1988 4332 2375 4408 Christum
2777 4290 2924 4407 Bis
2979 4331 3196 4406 nobis
3251 4331 3506 4426 genite
3565 4331 3791 4422 DeuS,

1314 4437 1319 4448 ⁸
1445 4459 1748 4557 hymnis
1779 4450 1805 4494 ³
1860 4459 2143 4533 mundo
2197 4460 2591 4533 nuntians
2886 4456 3203 4545 Christe,
3264 4453 3445 4528 dum
3503 4456 3770 4529 innato

1282 4561 1499 4669 Ante
1556 4583 1861 4658 saecula
1915 4584 2050 4679 qui
2104 4605 2446 4675 manens,
2884 4603 3197 4655 nascens
3252 4603 3300 4653 a
3354 4580 3542 4672 De0,

1390 4730 1832 4804 semperque
1887 4712 2093 4799 nate,
2883 4707 3008 4782 vel
3045 4705 3227 4779 dum
3266 4687 3726 4800 corporeum¹
3751 4708 3831 4780 et
3866 4705 4115 4780 Deum

1390 4854 1687 4928 semper
1740 4835 1833 4906 ut
1886 4835 2004 4907 est
2060 4834 2325 4921 Pater;
2882 4831 3167 4905 mundo
3222 4833 3302 4905 te
3357 4832 3626 4925 genuit

1391 4980 1722 5054 namque
1776 4960 1857 5033 te
1911 4958 2071 5033 sine
2131 4956 2510 5053 quomodo
2883 4957 3117 5051 Virgo
3172 4977 3568 5052 puerpera.

1447 5208 1463 5240 ¹
1496 5200 1671 5262 Haec
1711 5220 1835 5263 vox
1872 5202 2257 5263 innascibilis
2296 5200 2361 5261 in
2405 5200 2690 5280 operibus
2733 5200 2921 5262 editis
2964 5205 3147 5278 atque
3181 5199 3427 5279 hymnis
3465 5197 3693 5259 Hilarii
3734 5197 4042 5276 reperitur
4091 5233 4164 5242 -

1286 5306 1309 5340 ²
1338 5299 1520 5360 Hune
1565 5298 1859 5379 hymnum
1900 5300 1978 5361 de
2021 5299 2254 5362 Christi
2299 5299 2628 5362 divinitate
2667 5299 3000 5361 subtilibus
3042 5304 3224 5376 atque
3267 5296 3723 5359 obscurioribus
3764 5295 3964 5356 modis
4004 5296 4166 5357 inee-

1287 5395 1536 5458 dentem
1576 5396 1654 5457 ad
1694 5396 2056 5459 firmandam
2093 5399 2159 5458 in
2198 5397 2424 5477 populo
2455 5396 2818 5459 catholicam
2842 5396 3029 5458 fidem
3057 5402 3269 5457 contra
3303 5395 3571 5456 Arianos
3612 5393 3956 5474 composuit
3994 5392 4168 5454 Hila-

1286 5498 1417 5558 rius
1457 5526 1530 5537 -·
1570 5505 1592 5536 ³
1619 5497 1824 5576 ymnis
1863 5527 1937 5540 —
1980 5506 2001 5537 ⁴
2031 5497 2181 5559 Cod.
2225 5497 2433 5559 (licini.
2478 5496 2811 5559 Construe:
2839 5496 3117 5574 Namque
3146 5493 3445 5574 quomodo
3489 5493 3623 5556 sine
3663 5499 3729 5555 te
3768 5498 3982 5573 potest
4020 5492 4165 5570 dici,

1289 5595 1449 5676 quod
1491 5603 1670 5675 pater
1711 5596 1813 5673 sit,
1854 5597 1920 5656 ni
1959 5602 2138 5676 pater
2178 5599 2315 5659 est?
