4642 6650
1181 803 1322 850 xxn
2438 801 2805 849 PRAEFATIO

1180 1021 1319 1114 dit,
1352 1021 1529 1097 inde
1577 1043 1983 1118 progressa,
2013 1025 2131 1097 est
2158 1022 2436 1120 Naym,
2468 1026 2548 1098 et
2581 1022 2900 1114 Sichem,
2935 1023 3097 1098 sive
3125 1022 3550 1119 Neapolim.
3593 1023 3685 1098 In
3733 1025 4050 1101 civitate

1177 1167 1565 1245 Nazareth
1625 1169 1936 1243 domum
1990 1168 2278 1244 Mariae
2325 1172 2562 1265 atque
2598 1170 3028 1266 proximum
3085 1132 3406 1263 fontem,
3456 1171 3553 1246 ad
3593 1192 3821 1267 quem
3877 1171 4050 1245 Vir-

1177 1313 1338 1408 gini
1393 1312 1732 1409 Angelus
1788 1313 2169 1409 apparuit,
2220 1312 2598 1388 adoravit.
2638 1313 2979 1390 Montem
3037 1315 3275 1391 etiam
3330 1315 3635 1391 Thabor
3688 1337 3857 1390 eam
3914 1315 4076 1389 ad-·

1176 1456 1551 1532 scendisse
1603 1479 1757 1532 non
1806 1455 2100 1547 dubit0,
2158 1479 2328 1531 cum
2361 1442 2672 1551 propter
2699 1457 2848 1531 loci
2875 1457 3389 1549 sanctitatem,
3428 1460 3600 1532 tum
3641 1456 3844 1554 quod
3883 1457 4048 1532 eius

1175 1598 1672 1674 altitudinem
1708 1598 2226 1695 regionesque,
2267 1620 2464 1693 quae
2518 1619 2560 1672 e
2613 1560 2901 1674 vertice
2938 1600 3323 1691 visuntur,
3382 1602 4043 1676 commemoraret.

1174 1743 1352 1817 Mox
1389 1743 1658 1839 pedem
1698 1742 2014 1817 divertit
2050 1740 2147 1815 ad
2186 1740 2661 1815 Tiberiadem
2702 1744 2785 1815 et
2811 1710 3369 1838 capharnaum,
3400 1728 3833 1838 montisque
3871 1762 4050 1838 pro-

1173 1886 1361 1961 ximi
1386 1908 1692 1983 specum
1723 1885 2065 1983 adspicit,
2102 1884 2231 1958 ubi
2259 1883 2631 1959 Dominus
2662 1885 2941 1981 populo
2970 1907 3394 1960 sermonem
3425 1885 4048 1961 benedictionum

1172 2029 1374 2105 fecit.
1414 2030 1506 2104 In
1542 2030 1796 2105 reditu
1836 2028 2088 2103 Gebus
2124 2028 2430 2118 transit,
2457 2030 2552 2102 ”et
2588 2050 2939 2124 campum
2980 2028 3470 2105 maledictum
3510 2029 3840 2105 Iezrael:
3883 2028 4044 2104 Ior·
4101 2098 4104 2101 ,

1177 2172 1451 2247 danem
1506 2173 1791 2247 flumen
1845 2172 2370 2246 sinistrorsum
2407 2171 2780 2267 linquenS,
2835 2171 3034 2268 petit
3090 2171 3538 2263 Samariam,
3595 2175 3862 2268 postea
3902 2171 4045 2268 Sy·

1172 2317 1359 2406 lum,
1417 2316 1685 2393 deinde
1739 2316 2055 2393 Bethel:
2132 2316 2484 2413 protinus
2558 2315 2993 2391 ostenditur
3064 2316 3136 2390 ei
3207 2296 3541 2412 campus,
3600 2316 3734 2390 ubi
3788 2316 4041 2392 David

1177 2458 1476 2535 Goliam
1531 2460 1830 2536 occidit.
1878 2459 2490 2556 Hierosolymam
2552 2460 2804 2536 denuo
2860 2461 3518 2556 praetergrediens
3591 2460 4041 2537 Eleuthero-

1172 2603 1411 2700 polim
1462 2603 1683 2679 novit
1719 2606 1801 2679 et
1835 2582 2342 2698 Morastitem,
2378 2627 2528 2700 quo
2565 2604 2732 2679 loco
2780 2604 3209 2701 sepulcrum
3248 2603 3587 2680 Micheae
3622 2603 4039 2700 prophetae

1177 2716 1597 2823 colebatur.

1333 2892 1446 2969 De
1500 2896 1777 2989 quarto
1813 2892 2089 2968 itinere
2145 2893 2242 2967 ad
2279 2893 2720 2990 Aegyptum
2774 2897 2855 2969 et
2909 2893 3320 2984 Thebaida,
3360 2892 3563 2989 quod
3614 2892 4043 2969 firmissimo

1172 3037 1429 3111 animo
1458 3038 1776 3133 peregit,
1808 3058 2051 3133 pauca
2078 3040 2262 3112 sunt
2290 3037 2630 3112 dicenda.
2667 3038 3002 3112 Tantum
3031 3037 3458 3133 colligimus
3478 3028 3524 3129 ¹,
3557 3036 3759 3133 quod
3788 3036 3887 3112 ad
3915 3059 4044 3110 ur·

1169 3181 1345 3257 bem
1391 3180 1664 3256 Tanim
1687 3182 1800 3257 -ad
1855 3182 2055 3257 ostia
2093 3181 2272 3271 Nili,
2309 3182 2639 3278 primum
2677 3163 3053 3277 pervenit,
3085 3180 3260 3255 hinc
3298 3179 3867 3255 Alexandriam.
3896 3179 4044 3254 Po-

1116 3392 1122 3398 .
1172 3328 1338 3401 stea
1373 3325 1692 3420 adverso
1747 3325 2084 3417 flumine,
2132 3327 2256 3402 vel
2295 3325 2424 3400 via
2459 3333 2773 3422 propter
2809 3324 3006 3400 illud
3043 3324 3432 3400 Thebaida
3473 3348 3708 3422 usque
3746 3347 3826 3401 se
3864 3346 4041 3400 con·

1170 3471 1360 3546 tulit
1386 3463 1437 3564 ²,
1495 3494 1582 3547 ac
1618 3472 2071 3547 monasteris
2108 3471 2485 3564 lustratiS,
2544 3475 2845 3546 sanctos
2883 3470 3087 3547 viros
3144 3468 3420 3545 devote
3475 3470 3855 3545 convenit.
3901 3467 4048 3544 Sed

1172 3638 1369 3713 quae
1423 3615 1726 3708 viderit,
1782 3639 2012 3712 quam
2068 3616 2172 3691 sit
2224 3616 2610 3712 regionem
2666 3617 3101 3711 assequuta,
3149 3613 3547 3705 nescimuS,
3605 3613 3788 3710 quia
3844 3579 4049 3689 hanc

1167 3759 1799 3857 peregrinationis
1853 3762 2151 3857 partem
2194 3760 2468 3834 Petrus
2523 3758 2904 3833 Diaconus
2941 3759 3250 3833 omnino
3305 3758 3667 3853 neglexit.
3723 3757 3786 3831 E
3847 3757 4050 3833 The-

1171 3900 1395 3976 baide
1448 3902 1656 3977 viam
1712 3900 1942 3997 elegit
1994 3921 2131 3996 per
2185 3901 2598 3996 Memphim
2654 3903 2734 3976 et
2770 3899 3300 3998 Babyloniam,
3331 3923 3378 3974 a
3414 3921 3568 3996 qua
3621 3921 3774 3973 non
3818 3898 4048 3995 longe

1168 4042 1602 4140 pyramides
1656 4042 1945 4117 mirata·
1993 4046 2135 4118 est.
2193 4031 2417 4117 Viam
2473 4064 2607 4139 per
2658 4041 3119 4137 Heliopolim
3172 4043 3661 4138 prosequuta,
3693 4039 3786 4116 de
3841 4040 4039 4116 cele-

1169 4185 1394 4259 brato
1431 4185 1612 4260 solis
1648 4186 1962 4281 temp10‚
1992 4186 2195 4282 quod
2230 4186 2342 4260 ibi
2377 4186 2796 4259 maximum
2825 4184 2999 4276 fuit,
3032 4186 3268 4284 atque
3297 4184 3390 4259 de
3420 4182 3775 4260 Petefrae
3812 4182 4044 4259 domo

1098 4327 1107 4334 ’
1170 4330 1641 4403 mentionem
1695 4328 1900 4404 fecit.
1960 4327 2077 4401 Ad
2133 4328 2293 4403 Nili
2351 4328 2744 4403 dexteram
2798 4327 3186 4423 regionem
3243 4326 3524 4402 Gesseu
3587 4325 4044 4422 ingreditur,

1170 4495 1367 4570 quae
1394 4473 1779 4548 uberrima
1806 4472 2142 4571 Aegypti
2179 4496 2356 4570 pars
2392 4469 2580 4547 tunc
2610 4472 3212 4569 Augustamnica
3250 4471 3806 4569 appellabatur,
3839 4473 3922 4547 et
3960 4471 4048 4545 in

1169 4617 1537 4692 Arabiam
1572 4617 1969 4693 civitatem
2006 4618 2318 4694 devenit
2346 4608 2396 4692 ³.
2463 4616 2860 4712 Equidem,
2918 4620 3014 4714 ut
3073 4615 3692 4712 Hierosolymam
3736 4618 4040 4690 teneret

1331 4856 1351 4892 ¹
1381 4856 1704 4936 Peregrin.
1745 4880 1806 4938 p.
1847 4860 1967 4919 46:
2015 4881 2046 4917 ‹
2071 4857 2231 4920 Sane
2260 4857 2412 4920 licet
2436 4864 2666 4918 terram
2708 4856 2910 4919 Gesse
2937 4856 3060 4918 iam
3089 4876 3357 4938 nossem,
3385 4855 3451 4918 id
3480 4864 3580 4919 est
3606 4876 3729 4935 qua
3754 4854 4045 4935 primitus

1168 4956 1250 5018 ad
1291 4957 1609 5036 Egyptum
1649 4956 1902 5020 fueram.
1928 4981 1960 5016 ›
2006 4957 2178 5020 Petr.
2220 4959 2298 5020 D.
2341 4978 2401 5037 p.
2448 4958 2567 5017 134
2604 4963 2670 5019 et
2713 4956 2849 5017 135.
3615 5033 3624 5042 ‚

1326 5054 1352 5091 ²
1379 5056 1633 5134 Peregr.
1675 5076 1736 5135 p.
1781 5058 1889 5118 50:
1937 5079 1968 5115 ‹
1990 5063 2176 5119 notus
2215 5057 2367 5117 mihi
2405 5057 2530 5120 iam
2571 5057 2745 5132 satis,
2787 5055 2866 5117 de
2896 5075 2968 5118 eo
3012 5064 3306 5136 tempore,
3335 5077 3373 5118 a
3397 5077 3515 5135 quo
3544 5056 3626 5119 ad
3652 5055 4035 5119 Thebaidam

1165 5152 1424 5216 fueram.
1446 5177 1477 5212 »
1523 5154 1607 5214 Et
1648 5154 1833 5234 paulo
1872 5153 2167 5217 inferius:
2206 5177 2237 5213 ‹
2262 5155 2347 5216 Et
2387 5156 2536 5216 licet
2579 5175 2652 5216 ea
2683 5154 2837 5234 loca,
2867 5162 2938 5216 ut
2966 5155 3254 5235 superius
3282 5147 3434 5236 dixi,
3483 5156 3608 5218 iam
3660 5175 3930 5233 nossem,
3971 5153 4039 5215 id
4151 5143 4156 5147 ⁴

1167 5259 1267 5314 est
1304 5252 1549 5331 quando
1589 5253 2031 5316 Alexandriam
2073 5256 2175 5319 vel
2216 5254 2295 5316 ad
2338 5254 2720 5316 Thebaidem
2758 5253 3014 5316 fueram.
3042 5279 3074 5314 ›

1324 5351 1352 5389 ⁸
1378 5351 1552 5413 Petr.
1591 5353 1671 5413 D.
1710 5374 1773 5433 p.
1818 5354 1933 5413 136
1973 5355 2231 5432 Peregr.
2269 5375 2329 5434 p.
2374 5356 2490 5415 50:
2537 5376 2568 5412 ‹
2594 5354 2807 5433 Agger
2831 5354 3119 5434 publicus
3147 5362 3283 5418 erat
3308 5377 3424 5437 per
3450 5357 3828 5437 Aegyptum,
3870 5353 4035 5433 quod

1164 5450 1586 5513 transiebam
1624 5472 1738 5532 per
1777 5452 2071 5515 Arabiam
2112 5453 2453 5532 civitatem,
2492 5452 2558 5513 id
2599 5462 2697 5515 est
2738 5453 2899 5532 quod
2927 5452 3127 5515 mittit
3166 5454 3246 5517 de
3287 5456 3608 5518 Thebaida
3632 5457 3699 5518 in
3724 5454 4036 5520 Pelusio.»

1163 5549 1330 5612 Vide
1356 5549 1574 5612 Itiner.
1604 5550 1903 5612 Antonini
1929 5571 1943 5611 ε
1991 5573 2022 5609 ‹
2044 5551 2181 5612 Iter
2207 5573 2245 5613 a
2267 5552 2522 5614 Pelusio
2550 5551 2828 5631 Memphi
2853 5573 2931 5614 m.
2959 5573 3019 5632 p.
3053 5551 3324 5634 CXXII,
3350 5579 3382 5614 ›
3427 5563 3494 5618 et
3532 5556 3685 5619 Tab.
3714 5554 4031 5633 Peuting:

1174 5670 1207 5708 ‹
1228 5648 1483 5712 Pelusio
1501 5684 1584 5698 —
1602 5649 1876 5714 Phacusi
1919 5656 2036 5713 etc.
2060 5673 2092 5708 ›
