4642 6650
1150 712 1323 760 xvm
2408 706 2776 753 PRAEFATIO

1153 930 1444 1009 caverit
1464 921 1511 1023 ¹,
1570 951 1988 1026 congruum
2046 929 2164 1003 est
2218 927 2613 1018 coniicere,
2688 926 2811 1002 vel
2865 923 3284 1006 maximam
3358 922 3651 998 Galliae
3717 924 4016 1019 partem

1148 1077 1324 1150 tum
1379 1073 1477 1148 ad
1534 1076 1824 1148 sectam
1876 1073 2225 1146 arianam
2280 1070 2777 1168 propensisse,
2829 1069 2953 1146 vel
3009 1069 3106 1144 ad
3162 1069 3533 1165 pietatem
3571 1067 4018 1163 cultumque

1147 1217 1569 1295 catholicae
1620 1216 1802 1293 fidei
1855 1216 2258 1291 indocilem
2312 1215 2750 1312 praebuisse
2779 1205 2829 1289 ².

1306 1363 1422 1463 Ex
1475 1362 1791 1459 reliquis
1848 1362 2142 1437 duobus
2196 1362 2502 1458 hymnis
2557 1362 2850 1457 primus
2906 1384 2954 1434 a
3008 1359 3341 1455 quadam
3393 1356 3784 1454 neophita,
3842 1354 4013 1433 doc·

1148 1507 1359 1581 trina
1412 1508 1494 1581 et
1546 1504 1693 1580 fide
1745 1505 2197 1601 praestanti,
2253 1504 2602 1600 proditus
2658 1505 2802 1579 est.
2856 1504 3035 1600 Ipsa
3089 1502 3295 1600 enim
3348 1501 3443 1576 de
3496 1522 3577 1575 se
3650 1499 4017 1596 loquitur,

1152 1650 1605 1748 praesertim
1660 1648 1741 1722 in
1797 1649 2106 1745 strophe
2158 1649 2317 1741 illa,
2377 1671 2530 1746 qua
2584 1671 2803 1723 suam
2857 1670 2947 1722 ex
2998 1645 3145 1721 fide
3184 1645 3490 1722 noviter
3525 1646 3834 1742 accepta
3868 1643 4023 1719 lae·

1154 1793 1415 1869 titiam
1472 1792 1927 1868 denunciat:

1750 2082 2028 2156 Renata
2082 2104 2259 2173 sum,
2316 2104 2355 2154 o
2410 2081 2588 2156 vitae
2649 2122 2740 2131 —-
2803 2081 3063 2155 Laetae
3119 2079 3404 2155 exordia
3420 2082 3447 2181 ξ

1743 2224 1965 2298 Novis
2018 2246 2191 2318 quae
2243 2223 2396 2298 vivo
2457 2264 2548 2273 -
2614 2223 3010 2298 Christiana
3063 2223 3337 2317 leyibua

1159 2512 1487 2588 Mortem
1529 2510 1812 2586 Christi
1866 2511 2423 2588 resurrectione
2479 2512 2767 2588 victam
2804 2533 2892 2587 ac
2946 2511 3522 2588 resurrectionis
3562 2511 3789 2587 fidem
3826 2508 4036 2587 canit

1161 2656 1328 2753 ipsa
1380 2677 1535 2730 non
1588 2654 1864 2752 frigido
1921 2655 2456 2751 laboriosoque
2511 2658 2603 2729 ut
2657 2655 2999 2731 Hilarius
3056 2655 3384 2752 eloquio,
3441 2654 3573 2730 sed
3617 2653 3913 2730 fervido
3953 2655 4036 2727 et

1163 2798 1444 2890 soluto,
1499 2819 1735 2894 prope
1789 2798 2124 2874 excitata
2178 2799 2492 2873 numine
2546 2821 2783 2873 sacr0.
2842 2797 3066 2874 Alter
3117 2797 3452 2895 hymnus
3507 2796 3588 2871 in
3644 2796 4034 2871 diabolum

1164 2943 1291 3018 vel
1344 2945 1698 3017 satanam
1753 2945 2132 3035 exaratae,
2190 2920 2513 3018 fortasse
2584 2946 2900 3041 propter
2973 2943 3238 3018 stilum
3307 2946 3543 3039 atque
3616 2940 4036 3016 sententias

1165 3086 1340 3183 plus
1393 3084 1689 3159 Hilario
1748 3109 1978 3181 quam
2033 3086 2450 3181 neophitae
2506 3086 3053 3162 adiudicandus
3108 3108 3270 3162 esse
3326 3086 3656 3161 videtur.
3762 3183 3781 3205 ⁹

1327 3227 1831 3325 Quamquam,
1888 3231 1981 3303 ut
2035 3231 2277 3325 patet,
2336 3229 2613 3303 horum
2692 3231 3159 3328 hymnorum
3232 3229 3505 3305 saltem
3560 3229 3851 3327 primus
3923 3231 4043 3302 est

1168 3375 1546 3452 foeminae
1600 3373 1884 3448 illustri
1937 3374 2403 3462 referenduS,
2470 3377 2733 3450 tamen
2816 3376 3095 3473 opinio,
3186 3378 3600 3471 utrumque
3681 3374 3763 3447 in
3842 3372 4040 3446 libro

1169 3543 1226 3596 S.
1265 3518 1542 3593 Hilarii
1578 3520 1971 3614 receptum
2009 3518 2533 3614 insertumque
2571 3518 2826 3610 fuisse,
2869 3519 3166 3593 duobus
3192 3517 3513 3593 fulcitur
3540 3514 4038 3613 argumentis,

1170 3663 1516 3739 Primum
1573 3662 1799 3758 quod,
1855 3663 1921 3736 si
1973 3662 2146 3736 illos
2200 3664 2293 3735 ut
2348 3663 2760 3758 quamdam
2811 3663 2990 3737 libri
3057 3662 3526 3738 additionem
3597 3625 3832 3735 fuisse
3906 3682 4045 3755 pu·

1172 3808 1449 3897 temus,
1506 3805 1628 3879 hic
1680 3805 1874 3879 liber
1924 3804 2266 3900 profecto
2304 3828 2461 3881 non
2498 3806 2667 3901 plus
2706 3830 2935 3902 quam
2973 3806 3307 3903 quinque
3343 3809 3484 3880 aut
3520 3827 3653 3880 sex
3691 3805 4043 3902 hymnos,

1176 3952 1368 4047 quot
1422 3948 1709 4025 scilicet
1760 3948 1840 4021 in
1875 3949 2124 4023 tribus
2161 3948 2436 4023 codicis
2473 3949 2676 4024 foliis
2712 3950 2939 4025 scribi
2976 3952 3307 4047 possent,
3348 3949 3781 4045 complexus
3820 3948 4040 4023 esset.

1177 4091 1420 4179 Quam
1477 4090 1646 4187 quis
1701 4094 2073 4183 nostrum,
2132 4114 2305 4166 cum
2359 4092 2739 4166 Hilarium
2799 4115 3007 4167 more
3044 4116 3181 4168 suo
3218 4093 3503 4167 librum
3540 4089 4047 4187 composuisse

1177 4234 1902 4327 animadvertamuS,
1959 4259 2094 4312 seu
2147 4236 2606 4310 Rhodanum
2639 4259 2888 4311 -suum
2943 4260 3098 4311 non
3151 4236 3503 4332 protinus
3552 4255 3892 4310 arescere
3930 4254 4049 4307 re-

1174 4379 1551 4473 petamuS,
1607 4379 1913 4451 tantam
1974 4376 2317 4452 crederet
2396 4377 2911 4452 tenuitatem&
2997 4376 3339 4453 Secundo
3425 4376 3628 4473 quod
3709 4374 4049 4449 Hilarius

1177 4520 1338 4615 ipse
1392 4521 1807 4626 utrumque
1861 4521 2235 4617 hymnum
2291 4521 2621 4616 quadam
2704 4524 3129 4597 commotus
3201 4523 3601 4618 voluptate
3675 4522 4051 4596 memoret

1348 4761 1366 4798 ¹
1400 4757 1462 4820 S.
1504 4758 1764 4821 Hieron.
1804 4759 1870 4820 in
1908 4759 2106 4840 praef.
2136 4760 2200 4820 in
2228 4761 2269 4822 1.
2300 4760 2373 4821 11
2400 4760 2479 4822 ad
2508 4759 2800 4822 Galatas:
2847 4783 2878 4819 ‹
2902 4760 3183 4822 Hilarius
3223 4760 3457 4822 latinae
3485 4758 3871 4839 eloquentiae
3896 4759 4059 4822 Rho·

1187 4858 1407 4936 danus,
1463 4856 1681 4920 Gallus
1733 4858 1874 4939 ipse
1915 4866 1982 4921 et
2020 4859 2303 4921 Pictavis
2358 4860 2605 4939 genitus
2644 4860 2710 4920 in
2748 4859 3115 4939 hymnorum
3170 4858 3435 4921 carmine
3490 4858 3706 4920 Gallos
3760 4857 4059 4921 indociles

1182 4962 1387 5018 vocat.
1415 4979 1447 5014 ›

1348 5052 1373 5088 ²
1401 5052 1788 5131 Hymnorum
1827 5054 2269 5116 hilarianorum
2308 5054 2549 5117 iactura
2584 5055 2765 5117 nobis
2808 5062 2908 5117 est
2946 5054 3208 5117 maxime
3236 5052 3679 5132 conquerenda,
3708 5053 3844 5116 sive
3872 5053 4063 5115 eccle-

1186 5151 1318 5212 siae
1358 5150 1697 5229 liturgiam,
1739 5151 1876 5213 sive
1919 5151 2408 5229 antiquissimam
2448 5152 2708 5214 canendi
2748 5153 3052 5214 rationem
3093 5152 3489 5232 spectaveris.
3535 5150 3712 5225 Quod
3739 5150 4062 5213 interitum

1184 5245 1253 5306 in
1292 5246 1542 5307 abbatia
1582 5248 1855 5309 arretina
1896 5249 2140 5310 saeculo
2183 5247 2421 5310 decimo
2451 5250 2712 5330 septimo
2742 5250 3025 5312 evenisse
3052 5248 3369 5328 probabile
3399 5256 3515 5327 est,
3544 5256 3872 5327 propterea
3899 5246 4064 5326 quod

1189 5344 1435 5406 saeculo
1478 5345 1878 5424 subsequenti
1918 5346 2200 5408 nonnulli
2241 5347 2521 5409 monachi
2563 5348 2825 5410 scientia
2881 5348 3149 5428 praediti
3189 5347 3278 5408 ibi
3319 5347 3693 5425 claruerunt,
3737 5354 3820 5426 et,
3861 5353 3934 5408 ut
3968 5366 4064 5407 re·

1190 5443 1464 5523 tulimus,
1507 5445 1698 5507 abbas
1737 5447 1837 5508 De
1880 5445 2185 5508 Costanzo
2245 5446 2510 5525 hymnos
2552 5468 2601 5510 s.
2644 5447 2876 5510 Hilarii
2921 5467 3014 5527 ea,
3057 5467 3180 5526 qua
3217 5445 3361 5508 illos
3401 5466 3562 5508 nunc
3600 5445 3902 5524 videmus,
3929 5465 4067 5507 con-

1194 5541 1429 5605 ditione
1469 5542 1537 5604 in
1574 5543 1781 5606 archio
1822 5544 2258 5607 monachorum
2297 5545 2558 5609 invenit.
