4642 6650
1195 738 1275 802 76
2174 758 2227 803 s.
2276 758 2540 803 savus:
2584 759 3079 808 manonmArm

1187 976 1328 1048 aut
1381 976 1544 1072 ipsa
1596 995 1949 1069 praesens
1979 965 2027 1066 ¹,
2064 973 2130 1048 si
2166 974 2375 1050 Deus
2412 975 2649 1052 fuerit
2701 981 3092 1073 praestare
3147 979 3530 1077 dignatus,
3571 984 3889 1092 yestrae
3941 982 4058 1056 af·

1189 1098 1502 1175 fectioni
1554 1099 1940 1209 referam3·
1978 1100 2120 1172 aut
2173 1101 2406 1192 certe,
2461 1102 2527 1175 si
2582 1100 2790 1176 aliud
2851 1103 3107 1177 animo
3162 1105 3469 1198 sederit,
3527 1107 3828 1202 scriptis
3863 1131 4063 1180 nun·

1187 1225 1402 1300 tiabo
1436 1217 1488 1301 ².
1545 1224 1698 1301 Vos
1769 1227 2105 1317 tantum,
2185 1225 2561 1320 dominae,
2616 1228 2878 1305 lumen
2934 1252 3213 1319 meum,
3272 1253 3643 1306 memores
3699 1231 3850 1306 mei
3900 1253 4066 1309 esse

1189 1349 1635 1448 dignamini,
1691 1350 1853 1425 sive
1908 1350 1989 1423 in
2042 1372 2356 1447 corpore
2409 1352 2570 1428 sive
2626 1353 2778 1426 iam
2837 1358 3058 1430 extra
3113 1377 3384 1449 corpus
3439 1356 3680 1431 fuere.

1349 1476 1459 1550 Ut
1511 1479 1774 1551 autem
1829 1475 2058 1552 sciret
2111 1476 2412 1552 affectio
2467 1482 2749 1570 vestra,
2808 1502 3005 1575 quae
3043 1481 3387 1574 operatio
3425 1481 3745 1575 singulis
3794 1481 4061 1554 diebus

1191 1602 1470 1677 cotidie
1508 1601 1589 1675 in
1626 1601 1811 1676 locis
1849 1604 2133 1677 sanctis
2186 1602 2546 1693 habetur,
2605 1608 2852 1680 certas
2905 1628 3042 1681 vos
3096 1606 3347 1682 facere
3415 1606 3645 1681 debui
3669 1597 3738 1695 ³3
3795 1606 4060 1698 sciens,

1192 1728 1375 1823 quia
1428 1728 1761 1803 libenter
1808 1726 2193 1802 haberetis
2231 1727 2419 1803 haec
2455 1750 2926 1824 cognoscere.
2957 1730 3158 1805 Nam
3195 1730 3514 1826 singulis
3552 1730 3842 1823 diebus,
3881 1734 4064 1806 ante

1191 1854 1580 1948 pullorum
1636 1855 1975 1944 cantum,
2017 1853 2471 1948 aperiuntur
2508 1855 2765 1929 omnia
2801 1854 3059 1930 hostia
3111 1853 3508 1931 Anastasis
3535 1848 3586 1947 ⁴,
3626 1858 3708 1931 et
3762 1855 4077 1931 descen-

1192 1978 1378 2053 dent
1432 2000 1694 2053 omnes
1747 1979 2244 2052 monazontes
2299 1981 2383 2053 et
2442 1979 2889 2075 parthenae,
2963 1984 3055 2055 ut
3126 1981 3248 2055 hic
3303 1981 3624 2056 dicimus
3650 1972 3719 2071 ⁵;
3778 1983 3859 2056 et
3908 2003 4065 2055 non

1191 2104 1438 2178 solum
1474 2104 1608 2193 hii,
1647 2105 1779 2179 sed
1817 2108 1900 2179 et
1934 2103 2109 2178 laici
2146 2107 2516 2198 preterea,
2558 2104 2704 2179 viri
2732 2108 2872 2180 aut
2908 2107 3284 2197 mulieres,
3325 2105 3756 2202 quitamen
3786 2106 4063 2181 volunt

1192 2229 1573 2302 maturius
1627 2229 1973 2325 vigilare.
2029 2229 2131 2302 Et
2185 2251 2279 2330 ex
2331 2249 2426 2303 ea
2478 2229 2669 2304 hora
2714 2231 3068 2325 usquein
3107 2231 3355 2306 lucem
3410 2231 3773 2306 dicuntur
3824 2233 4063 2327 ymni,

1191 2355 1275 2426 et
1312 2353 1599 2449 'psalmi
1654 2353 2269 2448 responduntur;
2327 2353 2683 2429 similiter
2735 2358 2818 2429 et
2853 2356 3359 2452 antiphonae:
3399 2358 3480 2431 et
3516 2359 3690 2431 cata
3725 2356 4065 2452 singulos

1194 2501 1464 2575 ymnos
1518 2478 1611 2552 fit
1663 2464 1912 2553 oratio
1938 2469 1991 2553 ⁶.
2048 2477 2250 2551 Nam
2303 2477 2705 2574 presbiteri
2742 2478 2905 2553 bini
2943 2480 3064 2555 vel
3100 2480 3328 2572 terni,
3367 2481 3719 2555 similiter
3772 2485 3854 2557 et
3909 2481 4068 2555 dia-

1195 2625 1443 2694 cones»,
1499 2604 1817 2699 singulis
1873 2603 2139 2678 diebus
2194 2604 2396 2678 vices
2449 2603 2738 2678 habent
2772 2603 3031 2677 -simul
3105 2626 3279 2679 cum
3351 2608 3868 2696 monazontes,
3934 2605 4064 2700 qui

1197 2732 1373 2804 cata
1425 2728 1765 2824 singulos
1817 2751 2089 2826 ymnos
2151 2728 2270 2804 vel
2327 2729 2785 2823 antiphonas
2841 2730 3227 2805 orationes
3272 2730 3561 2806 dicunt.
3601 2731 3768 2804 Iam
3805 2734 4069 2805 autem

1197 2853 1331 2930 ubi
1365 2855 1653 2951 ceperit
1687 2854 2086 2946 lucescere,
2128 2845 2137 2954 Ι
2177 2857 2365 2929 tunc
2400 2854 2778 2951 incipiunt
2813 2857 3237 2931 matutinos
3272 2878 3544 2953 ymnos
3582 2857 3848 2933 dicere.
3881 2855 4070 2932 Ecce

1233 3258 1241 3268 ·
1360 3223 1379 3259 ¹
1408 3224 1512 3286 Ita
1550 3225 1761 3287 codex.
1802 3224 1953 3304 Ipsa
1989 3240 2285 3302 praesens
2325 3228 2471 3300 post
2510 3221 2780 3284 reditum
2819 3221 2887 3282 in
2925 3221 3205 3301 patriam.

1358 3322 1382 3360 ²
1408 3322 1550 3385 Non
1588 3322 1770 3384 modo
1802 3320 1952 3385 novi
1974 3319 2221 3384 itineris
2245 3319 2657 3382 narrationem
2686 3319 2939 3401 scriptis
2964 3318 3295 3400 nuntiabit,
3325 3320 3438 3384 sed
3466 3318 3636 3382 aliud
3662 3318 3869 3398 etiam,
3909 3318 4074 3399 quod

1196 3442 1406 3485 secum
1445 3421 1585 3503 ipsa
1623 3420 1937 3499 volutarit,
1980 3419 2059 3481 ad
2101 3418 2588 3481 aedificationem
2629 3438 2922 3480 sororum.

1357 3523 1383 3560 ⁸
1422 3520 1653 3600 Incipit
1694 3518 2030 3581 declaratio
2058 3515 2288 3579 rituum
2316 3524 2382 3579 et
2410 3516 2936 3594 caerimoniarum,
2963 3536 3119 3595 quae
3145 3517 3210 3577 in
3240 3517 3502 3579 ecclesia
3526 3516 4076 3597 hierosolymitana

1198 3623 1419 3688 solitae
1461 3626 1637 3682 erant
1676 3615 2008 3679 celebrari:
2049 3636 2231 3694 quam
2274 3614 2617 3697 ecclesiam,
2657 3621 2878 3693 utpote
2918 3615 3339 3694 apostolicam,
3380 3614 3776 3679 traditionem
3829 3621 4072 3694 aposto-

1071 3753 1076 3759 ·
1199 3725 1398 3785 lorum
1436 3716 1801 3793 custodisse,
1843 3722 2028 3791 atque
2066 3712 2364 3792 peculiari
2404 3712 2675 3791 liturgia,
2705 3732 2861 3790 quae
2890 3732 2928 3774 a
2955 3732 3005 3774 s.
3033 3712 3257 3774 Iacobo
3286 3712 3480 3775 fratre
3506 3713 3759 3774 Domini
3787 3720 3851 3775 et
3877 3713 4074 3793 primo

1203 3821 1492 3900 episcopo
1533 3813 2080 3892 hierosolymitano
2120 3831 2344 3873 nomen
2384 3809 2592 3888 traxit,
2634 3816 2952 3872 vetustate
2990 3810 3345 3873 veneranda
3380 3831 3554 3872 usam
3596 3830 3755 3889 esse,
3784 3812 3925 3891 jure
3953 3810 4076 3872 ad·-

1199 3919 1498 3981 firmatur.
1539 3916 1948 3995 Exponuntur
1987 3910 2236 3989 quidem
2277 3909 2538 3988 primum
2580 3929 2671 3987 ea,
2715 3929 2872 3986 quae
2913 3907 3132 3970 diebus
3172 3908 3470 3987 feriisque
3497 3908 3915 3971 communibus
3942 3929 4078 3989 per-

1198 4024 1386 4099 petuo
1429 4015 1791 4094 agebantur,
1830 4016 2053 4091 postea
2078 4028 2235 4086 quae
2263 4007 2645 4088 temporibus
2685 4006 3022 4086 diebusque
3061 4007 3457 4069 solemnibus.
3486 4007 3934 4069 Documentum
3961 4005 4077 4068 hoc

1201 4139 1239 4180 a
1267 4114 1622 4194 Peregrina
1660 4118 1875 4174 nostra
1913 4108 2220 4189 prolatum
2258 4107 2513 4189 plurimi
2553 4105 2905 4169 faciendum
2930 4112 3047 4183 est,
3078 4127 3153 4168 ex
3180 4127 3302 4184 quo
3330 4107 3746 4185 antiquissimi
3776 4106 4076 4170 eoelosiae

1204 4214 1577 4282 christianae
1616 4211 1777 4273 ritus
1817 4209 2190 4283 revelantur,
2234 4226 2389 4286 quos
2431 4204 2694 4269 ecclesia
2731 4223 2998 4283 romana,
3026 4210 3101 4267 ut
3124 4211 3318 4285 patet,
3348 4204 3612 4267 maxima
3639 4225 3717 4268 ex
3741 4212 3919 4286 parte
3942 4224 4079 4286 pro-

1201 4316 1379 4380 bavit
1418 4319 1484 4377 et
1523 4308 1814 4374 servavit.

1364 4415 1392 4451 ⁴
1431 4411 1830 4493 Ἀνάστασις,
1871 4404 2134 4470 ecclesia
2172 4403 2691 4481 Resurrectionis,
2733 4401 2871 4466 sive
2904 4404 3078 4465 locus
3105 4403 3307 4465 sancti
3333 4401 3645 4484 Sepulcri;
3674 4403 3840 4466 inter
3867 4421 4079 4465 omnes

1205 4510 1624 4588 celeberrima,
1666 4528 1849 4588 quam
1890 4504 2341 4569 Constantinus
2380 4522 2657 4585 magnus,
2696 4503 2978 4567 Helenae
3018 4500 3237 4565 matris
3279 4502 3503 4583 pietati
3541 4520 3775 4565 morem
3831 4519 4076 4582 gerens,

1204 4611 1461 4676 mirifice
1501 4607 1872 4673 aedificavit.

1367 4712 1393 4749 ⁵
1432 4713 1575 4786 Hic,
1616 4707 1683 4770 in
1723 4706 1979 4785 oriente,
2020 4704 2130 4766 ubi
2169 4703 2310 4783 ipsa
2350 4706 2502 4782 erat,
2546 4720 2620 4764 eo
2658 4701 2905 4764 nomine
2938 4700 3222 4763 monachi
3251 4706 3317 4764 et
3344 4698 3843 4763 sanctimoniales
3872 4697 4079 4780 appel-

1207 4811 1512 4874 labantur.
2412 4842 2413 4845 =

1366 4910 1392 4947 ⁶
1432 4909 1600 4970 Ante
1642 4904 1949 4985 pullorum
1989 4908 2236 4964 cantum
2278 4897 2505 4982 (officio
2547 4898 2711 4963 enim
2751 4897 2996 4959 initium
3038 4904 3172 4959 erat
3215 4898 3296 4959 ad
3336 4896 3487 4976 galli
3529 4903 3796 4974 cantum,
3839 4895 3903 4956 S.
3942 4893 4079 4955 1011.

1210 5006 1534 5087 Chrysost.
1574 5000 1822 5064 Homel.
1864 5000 1942 5061 57
1971 4998 2050 5060 ad
2076 5019 2217 5078 pop.
2246 4997 2562 5078 Antioch.)
2590 4995 2872 5057 monachi
2902 5003 2966 5057 et
2990 4994 3266 5074 virgines
3295 4993 3512 5056 aedem
3541 4994 3873 5056 Anastasis
3901 4992 4082 5054 subi—

1207 5106 1376 5183 bant,
1416 5102 1626 5180 ibique
1667 5119 1806 5172 cum
1844 5096 2231 5177 presbyteris
2273 5101 2341 5156 et
2379 5093 2672 5170 diaconis,
2713 5093 2821 5170 qui
2861 5112 3073 5154 omnes
3115 5092 3378 5173 primum
3416 5093 3681 5170 hymnos
3721 5089 4076 5168 matutinos,

1209 5209 1432 5283 postea
1468 5199 1741 5281 psalmos
1783 5202 1847 5258 et
1889 5194 2259 5275 antiphonas
2300 5192 2558 5254 alternis
2585 5190 2826 5253 vicibus
2855 5192 3174 5269 canebant,
3198 5190 3476 5252 oratione
3503 5189 3582 5251 ad
3610 5188 3892 5266 singulos
3918 5188 4079 5267 psal-

1210 5318 1346 5361 mos
1387 5298 1491 5361 vel
1531 5295 1901 5375 antiphonas
1927 5292 2316 5372 interposita.
2354 5289 2534 5363 Quod
2567 5294 2871 5351 statutum
2902 5295 3037 5349 erat
3064 5308 3101 5349 a
3127 5288 3385 5350 concilio
3412 5288 3780 5365 Laodiceno,
3811 5307 3941 5347 can.
3973 5286 4079 5345 17:

1216 5419 1248 5454 α
1274 5395 1455 5469 Quod
1495 5394 1563 5455 in
1588 5397 1898 5456 conventu
1923 5389 2217 5466 fidelium,
2246 5405 2630 5465 nequaquam
2657 5386 2932 5466 psalmos
2958 5384 3319 5447 continuare
3347 5384 3691 5461 conveniat,
3720 5382 3833 5447 sed
3860 5376 3974 5463 per
3998 5380 4085 5442 in-

1211 5492 1563 5571 tervallum,
1599 5490 1668 5553 id
1712 5498 1812 5554 est
1847 5508 1962 5570 per
1999 5488 2273 5569 psalmos
2314 5485 2596 5565 singulos
2632 5484 2942 5548 recenseri
2982 5482 3252 5547 debeant
3289 5483 3587 5547 lectiones
3609 5506 3663 5543 ».
