4642 6650
1521 766 1607 811 An
1656 765 1827 813 noca
1870 762 2127 811 6611οΤ6
2170 764 2280 810 An.
2328 769 2524 812 εσυ-666
3369 741 3455 809 93

593 983 883 1057 riothes
937 981 1137 1056 hivit
1190 981 1287 1055 ad
1342 981 1648 1070 Judeos,
1687 981 2033 1056 definivit
2086 981 2270 1075 quid
2325 983 2397 1056 ei
2445 981 2738 1071 darent,
2778 983 2870 1053 ut
2922 979 3269 1053 traderet
3309 979 3458 1053 Do-

592 1107 908 1181 minum.
967 1105 1111 1192 Qui
1163 1107 1374 1181 locus
1429 1107 1563 1179 ubi
1618 1106 1858 1180 lectus
1929 1105 2187 1196 fuerit,
2261 1109 2530 1179 tantus
2603 1105 2904 1199 rugitus
2972 1107 3054 1177 et
3116 1104 3461 1198 mugitus

594 1234 712 1307 est
765 1232 1009 1305 totius
1063 1231 1347 1327 populi,
1410 1233 1499 1303 1113
1551 1230 1808 1303 nullus
1864 1231 1989 1319 sit,
2020 1230 2152 1325 qui
2189 1231 2483 1306 moveri
2519 1251 2672 1303 non
2709 1229 2949 1324 possit
2986 1229 3066 1301 in
3101 1227 3457 1302 160111616.

593 1356 682 1428 In
739 1377 832 1430 ea
883 1357 1075 1429 hora
1127 1354 1610 1451 postmodum
1648 1355 1739 1428 fit
1775 1354 2048 1444 oratio,
2089 1354 2648 1430 benedicuntur
2684 1351 3214 1440 cathecumini,
3256 1354 3461 1448 post·

595 1479 907 1553 modum
944 1478 1228 1571 fideles,
1268 1483 1349 1554 et
1384 1478 1475 1553 fit
1511 1480 1764 1553 missa.
1802 1479 2002 1554 Item
2039 1471 2351 1574 quinta¹
2392 1479 2583 1554 feria
2619 1480 2956 1573 aguntur
2992 1499 3082 1552 66
3119 1477 3213 1551 de
3249 1477 3461 1572 pullo

594 1603 864 1698 primo,
923 1626 1119 1698 quae
1172 1603 1743 1678 consuetudinis
1796 1607 1915 1677 est
1968 1626 2207 1699 usque
2262 1604 2359 1677 ad
2396 1625 2622 1677 mane
2659 1603 2757 1677 ad
2794 1604 3210 1676 Anastase:
3256 1599 3462 1674 simi-

597 1725 776 1798 liter
828 1729 910 1800 et
963 1726 1062 1799 ad
1115 1726 1373 1816 tertia,
1430 1729 1514 1799 et
1567 1725 1665 1799 ad
1719 1730 1956 1801 sexta.
2013 1728 2300 1802 Octava
2357 1730 2619 1801 autem
2668 1727 2859 1800 hora
2894 1727 3113 1799 iuxta
3151 1747 3463 1801 consue·

595 1848 946 1924 tudinem
982 1849 1080 1922 ad
1118 1848 1574 1944 Martyrium
1616 1851 1923 1945 colliget
1959 1872 2039 1925 se
2079 1852 2326 1925 omnis
2361 1852 2685 1948 populus
2710 1873 2726 1923 ε
2756 1855 3164 1946 9109136166
3201 1853 3463 1924 autem

595 1973 1040 2067 temporius,
1098 1996 1330 2068 quam
1384 1976 1655 2048 ceteris
1710 1973 1997 2064 diebus,
2056 1976 2237 2070 quia
2290 1975 2518 2049 citius
2572 1975 2805 2049 missa
2859 1973 3093 2049 fletur
3163 1995 3465 2049 necesse

598 2099 739 2169 est.
795 2095 1072 2190 Itaque
1126 2118 1305 2191 ergo
1363 2096 1678 2171 collecto
1717 2098 1923 2170 omni
1962 2097 2242 2193 populo
2280 2101 2641 2192 aguntur,
2680 2119 2877 2193 quae
2915 2097 3209 2190 agenda
3246 2100 3460 2171 sunt:

598 2219 690 2293 fit
742 2221 906 2316 ipsa
959 2220 1084 2295 die
1141 2221 1432 2295 oblatio
1487 2221 1585 2293 ad
1638 2221 2125 2316 Martyrium,
2185 2225 2267 2296 613
2320 2222 2605 2297 facitur
2648 2222 2880 2297 missa
2916 2224 3106 2296 hora
3141 2222 3463 2297 forsitan

600 2344 911 2418 decima.
969 2344 1256 2419 Ibidem
1317 2348 1547 2419 antea
1602 2348 1865 2419 autem
1921 2368 2153 2441 quam
2206 2344 2346 2419 fiat
2398 2346 2650 2436 missa,
2706 2347 2972 2421 mittet
3025 2368 3286 2422 vocem
3342 2370 3464 2420 ar-

601 2468 1108 2555 chidiaconuS‚
1166 2474 1248 2544 et
1301 2470 1545 2544 dicet:
1601 2468 1812 2543 Hora
1867 2470 2112 2565 prima
2165 2470 2411 2545 noctis
2465 2493 2724 2545 omnes
2777 2471 2857 2544 in
2893 2470 3229 2561 ecclesia,
3269 2492 3467 2565 quae

600 2592 719 2664 est
769 2591 851 2664 in
905 2590 1192 2665 Eleona
1245 2592 1806 2680 conveniamus,
1865 2594 2225 2688 quoniam
2283 2594 2660 2667 maximus
2715 2594 2935 2668 labor
2971 2592 3189 2667 nobis
3226 2594 3471 2667 instat

599 2713 824 2788 hodie
875 2717 1103 2790 1100136
1160 2716 1331 2788 16136.
1391 2715 1627 2789 Facta
1680 2738 1860 2811 ergo
1917 2717 2145 2792 missa
2197 2718 2551 2814 Martyrii
2591 2718 2807 2793 venit
2858 2722 3034 2813 post
3069 2712 3463 2798 Crucem²t

601 2834 881 2910 dicitur
932 2836 1042 2909 ibi
1095 2859 1296 2910 unus
1348 2860 1628 2933 ymnus
1683 2842 2033 2912 tantum:
2091 2839 2184 2913 fit
2238 2842 2530 2914 oratio:
2603 2844 2685 2915 et
2753 2842 3023 2916 offeret
3076 2844 3468 2939 episcopus

601 2960 709 3033 ibi
765 2961 1255 3052 oblationem,
1331 2966 1412 3036 et
1482 2963 2049 3037 communicant
2101 2986 2386 3039 omnes.
2463 2964 2797 3061 Excepta
2860 2968 3062 3040 enim
3117 2967 3282 3062 ipsa
3345 2969 3466 3048 die

600 3106 754 3156 una
806 3105 946 3179 per
995 3087 1254 3158 totum
1309 3108 1593 3158 annum
1650 3109 2045 3181 nunquam
2101 3087 2449 3161 offeritur
2502 3091 2676 3183 post
2729 3087 3069 3179 Crucem,
3115 3091 3260 3165 nisi
3300 3092 3468 3187 ipsa

602 3206 723 3281 die
774 3209 1112 3282 tantum.
1171 3207 1406 3282 Facta
1458 3230 1638 3303 ergo
1693 3213 1775 3283 et
1808 3209 1916 3283 ibi
1956 3210 2206 3301 missa,
2249 3212 2408 3284 itur
2445 3211 2543 3284 ad
2581 3211 3001 3287 Anastase:
3043 3213 3134 3287 fit
3170 3216 3465 3296 oratio:

599 3332 1155 3406 benedicuntur
1208 3334 1427 3407 iuxta
1481 3335 2105 3411 consuetudinem
2161 3338 2669 3412 cathecumini
2739 3342 2820 3412 et
2886 3339 2990 3413 610
3044 3339 3326 3437 11116166,
3385 3346 3469 3416 et

599 3453 692 3528 fit
742 3458 995 3529 missa.
1053 3457 1153 3530 Et
1205 3458 1311 3532 sic
1366 3460 1881 3555 unusquisque
1935 3460 2254 3536 festinat
2305 3464 2589 3538 reverti
2625 3464 2707 3536 in
2745 3464 3056 3538 domum
3092 3488 3337 3556 suam,
3378 3469 3468 3541 ut

600 3580 1048 3668 manducem
1088 3582 1268 3676 quia
1304 3583 1593 3672 statim,
1634 3586 1726 3657 ut
1762 3585 2417 3678 manducaverint,
2450 3611 2710 3663 omnes
2749 3590 3034 3663 vadent
3072 3591 3151 3663 in
3178 3590 3466 3666 Eleona

599 3703 680 3776 in
735 3704 1046 3779 60016616
1100 3726 1213 3793 66,
1251 3706 1350 3778 ·in
1408 3729 1557 3800 qua
1613 3712 1731 3781 6613
1783 3709 2164 3804 spelunca,
2215 3711 2294 3783 in
2335 3735 2486 3806 qua
2523 3714 2686 3807 ipsa
2724 3713 2845 3788 die
2880 3714 3251 3795 Dominus
3291 3739 3462 3791 cum

602 3828 965 3921 apostolis
1020 3827 1195 3901 fuit.
1251 3828 1351 3902 Et
1386 3829 1492 3903 ibi
1532 3852 1769 3925 usque
1806 3833 1901 3905 ad
1940 3833 2131 3907 hora
2166 3836 2436 3924 noctis,
2478 3836 2801 3911 forsitan
2838 3839 3130 3932 quinta,
3171 3834 3467 3937 semper

602 3953 743 4023 aut
793 3951 1030 4046 ymni,
1087 3955 1229 4025 6613
1281 3953 1743 4048 antiphonae
1781 3958 2009 4051 aptae
2047 3957 2198 4031 diei
2234 3962 2315 4033 et
2352 3959 2540 4051 loco,
2580 3960 2932 4036 similiter
2977 3967 3060 4037 et
3105 3965 3467 4041 lectiones

603 4075 1002 4149 dicuntur:
1065 4076 1561 4172 interpositae
1616 4079 1998 4155 orationes
2034 4080 2273 4156 fiunt:
2313 4083 2481 4158 loca
2516 4085 2752 4159 etiam
2790 4107 2883 4159 ea
2921 4086 3013 4162 de
3070 4091 3468 4185 evangelio

599 4197 988 4293 leguntur,
1045 4201 1124 4273 in
1181 4201 1456 4295 quibus
1511 4201 1883 4276 Dominus
1938 4205 2317 4281 allocutus
2373 4212 2495 4283 est
2548 4208 2952 4304 discipulos
2999 4213 3261 4289 eadem
3321 4215 3464 4304 die,

603 4320 868 4396 sedens
923 4323 1005 4395 in
1060 4323 1323 4398 eadem
1379 4326 1757 4420 69616606,
1818 4351 2014 4423 quae
2068 4330 2149 4402 in
2205 4331 2370 4428 ipsa
2425 4334 2736 4408 ecclesia
2781 4339 2920 4410 est.
2962 4335 3062 4411 Et
3100 4339 3275 4413 inde
3314 4340 3467 4415 iam

600 4446 793 4519 hora
847 4449 1091 4520 noctis
1147 4447 1470 4522 forsitan
1524 4454 1742 4524 sexta
1797 4452 1986 4525 iitur
2040 4476 2219 4528 susu
2276 4457 2356 4528 in
2412 4456 2810 4532 Imbomon
2864 4482 3037 4537 cum
3092 4462 3346 4557 ymnis
3384 4463 3466 4536 in

604 4589 692 4642 eo
748 4569 936 4658 loco,
994 4570 1219 4663 unde,
1277 4573 1617 4647 ascendit
1669 4573 2040 4650 Dominus
2095 4577 2177 4650 in
2229 4579 2430 4654 celis.
2482 4581 2492 4671 Ι
2542 4581 2642 4655 Ε13
2680 4583 2786 4656 1111
2824 4583 3072 4659 denuo
3111 4584 3468 4662 similiter

602 4690 965 4766 lectiones
1020 4696 1101 4767 et
1153 4696 1366 4790 ymni
1421 4700 1503 4769 et
1557 4698 2021 4794 antiphonae
2077 4706 2304 4797 aptae
2378 4704 2527 4779 diei
2600 4705 3000 4785 dicuntur:
3078 4711 3465 4786 orationes

606 4814 843 4887 etiam
879 4814 1086 4910 ipsae
1125 4839 1640 4914 quaecumque
1679 4819 1899 4915 fiunt,
1940 4845 2127 4918 quas
2164 4825 2366 4901 dicet
2400 4829 2813 4923 episcopus,
2864 4854 3159 4927 semper
3197 4837 3280 4909 et
3313 4835 3469 4912 diei

606 4941 688 5013 et
742 4939 905 5013 loco
959 4944 1181 5035 aptas
1237 4940 1459 5016 dicet.

765 5229 784 5268 ¹
816 5232 966 5296 cod.
1008 5242 1241 5313 quarta.

764 5330 788 5366 ²
819 5331 1139 5395 offerebat
1181 5334 1510 5415 episcopus
1548 5335 1615 5397 in
1656 5357 1730 5399 66
1789 5339 1934 5400 atrii
1991 5346 2186 5420 parte,
2248 5363 2408 5422 quae
2471 5344 2899 5411 sinistrorsum
2950 5361 3085 5414 erat
3145 5354 3468 5418 basilicam

600 5426 891 5509 Mai-tyrii
929 5431 1328 5512 ingressuris,
1369 5434 1492 5498 sita
1530 5435 1695 5499 inter
1734 5437 1934 5517 ipsam
1972 5441 2190 5503 aedem
2230 5449 2297 5505 et
2338 5443 2555 5508 Crucis
2596 5447 2961 5512 cubiculum.
