4642 6650
1685 814 1776 859 nr:
1822 813 2013 861 Locis
2061 811 2336 859 sancus
3322 792 3448 860 135

738 1032 965 1124 (Per.)
1021 1032 1391 1130 Memphis
1419 1024 1441 1068 ¹
1483 1056 1664 1109 vero
1703 1034 1952 1109 adhuc
1986 1033 2366 1130 palatium
2404 1033 2768 1125 continet,
2808 1033 2942 1108 ubi
2977 1035 3285 1109 sanctus
3322 1032 3448 1107 Io·
3552 1013 3561 1022 ⁶

579 1156 761 1254 seph
815 1158 1256 1254 frequenter
1308 1158 1909 1256 ingrediebatur.
1964 1158 2152 1233 Inde
2197 1159 2296 1233 ad
2352 1159 2767 1235 miliarium
2822 1160 3121 1235 sextum
3184 1160 3454 1234 contra

581 1282 825 1378 ripam
861 1282 1195 1357 fluminis
1231 1283 1391 1358 Nili
1428 1287 1547 1359 est
1581 1285 1907 1360 thronus
1943 1284 2188 1382 Moysi
2225 1287 2309 1358 et
2346 1283 2605 1359 Aaron
2630 1277 2699 1358 ἐ
2731 1286 2912 1359 sunt
2942 1286 3206 1359 autem
3237 1305 3454 1381 prae·

581 1408 767 1484 dicti
817 1408 1081 1484 throni
1133 1409 1214 1483 in
1268 1412 1533 1486 monte
1583 1410 1898 1500 excelso,
1938 1409 2073 1483 ubi
2109 1412 2291 1483 sunt
2328 1408 2524 1486 duae
2562 1409 3005 1500 turriculae,
3064 1430 3265 1505 quae
3319 1429 3459 1504 per

580 1533 861 1629 gradus
915 1534 1285 1630 plurimos
1319 1535 1877 1610 ascenduntur:
1921 1558 2075 1609 una
2111 1556 2380 1608 earum
2418 1534 2692 1608 habuit
2727 1536 3045 1623 tectum,
3104 1532 3259 1608 alia
3312 1556 3456 1606 au·

581 1662 741 1733 tem
786 1659 949 1734 sine
983 1661 1194 1735 tecto
1232 1663 1393 1734 est:
1434 1660 1539 1734 ibi
1577 1659 2034 1735 ascendebat
2070 1659 2395 1756 MoyseS,
2436 1659 2741 1756 quando
2780 1659 3238 1755 loquebatur
3276 1657 3456 1732 filiis

582 1784 843 1876 Israel,
901 1806 1076 1859 cum
1131 1784 1759 1882 deprimerentur,
1815 1786 1897 1858 in
1945 1784 2098 1859 alia
2134 1806 2318 1860 vero
2359 1785 2654 1860 orabat.
2714 1784 3000 1860 Subtus
3057 1787 3318 1860 autem
3374 1782 3455 1856 in

584 1910 906 1986 circuitu
960 1932 1274 2007 campus
1328 1915 1470 2002 est,
1530 1910 1664 1986 ubi
1716 1910 1856 1984 filii
1892 1909 2129 1985 Israel
2165 1910 2447 1986 lateres
2485 1910 2891 1986 faciebant.
2948 1909 3135 1984 Inde
3189 1911 3455 1984 autem

587 2034 684 2110 ad
739 2036 948 2110 mille
1002 2058 1268 2131 passus
1324 2035 1511 2111 villa
1563 2038 1685 2110 est
1737 2057 1968 2132 supra
2022 2035 2268 2131 ripam
2304 2035 2664 2127 fluminis,
2705 2034 2840 2109 ubi
2893 2037 3159 2110 sancta
3211 2033 3457 2108 Maria

587 2183 758 2236 cum
796 2160 1123 2236 Domino
1162 2161 1337 2251 fuit,
1378 2160 1683 2257 quando
1736 2161 1818 2234 in
1873 2160 2263 2257 Egyptum
2309 2162 2646 2257 perrexit
2681 2151 2732 2235 ³.
2788 2160 3003 2235 Inter
3056 2159 3454 2257 Memphys

591 2308 771 2362 vero
827 2288 908 2361 et
962 2286 1392 2383 Babylonia
1444 2286 1660 2361 milia
1696 2289 1880 2360 sunt
1917 2284 2338 2375 duodecim,
2378 2286 2513 2359 ubi
2557 2289 2741 2361 sunt
2792 2284 3225 2382 pyramides
3279 2284 3449 2381 plu·

588 2411 852 2503 rimae,
891 2434 1080 2507 quas
1125 2410 1309 2487 fecit
1345 2410 1613 2507 Ioseph
1643 2410 1741 2484 ad
1769 2410 2157 2485 frumenta
2193 2410 2670 2486 recondenda
2694 2403 2747 2482 ⁴.
2786 2410 3174 2508 Elyopolis
3214 2409 3458 2485 distat

587 2563 635 2614 a
688 2538 1116 2635 Babylonia
1168 2537 1383 2612 milia
1437 2536 1834 2612 duodecim
1859 2531 1911 2610 ⁵.
1952 2536 2044 2610 In
2091 2536 2340 2611 medio
2380 2540 2644 2613 autem
2680 2537 2907 2613 huius
2943 2537 3281 2614 civitatis
3335 2540 3456 2612 est

585 2683 894 2759 campus
946 2662 1235 2757 ingene,
1291 2661 1372 2734 in
1426 2683 1577 2757 quo
1633 2664 1752 2736 est
1785 2661 2163 2757 templum
2198 2660 2404 2752 solis,
2445 2665 2527 2736 et
2566 2661 2674 2735 ibi
2725 2665 2848 2736 est
2901 2661 3170 2737 domus
3228 2660 3450 2735 Pete·

557 2785 771 2861 'frae.
828 2785 1042 2860 Inter
1096 2784 1406 2860 domum
1462 2787 1722 2860 autem
1775 2784 2127 2860 Petefrae
2165 2787 2246 2860 et
2284 2785 2659 2882 templum
2712 2789 2833 2860 est
2887 2784 3156 2860 domus
3213 2783 3453 2858 Asen-

584 2933 746 2987 nec.
818 2912 1084 2986 Murus
1155 2914 1414 2987 autem
1490 2910 1814 2986 interior
1883 2911 2091 2985 intra
2157 2911 2557 2986 civitatem
2629 2915 2748 2988 est
2803 2911 3194 3008 antiquior
3265 2910 3455 3008 lapi-

585 3037 943 3132 deusque,
1000 3036 1539 3111 tantummodo
1592 3035 1963 3132 templum
2024 3058 2198 3111 cum
2253 3035 2479 3111 domo
2535 3035 2876 3113 Asennec
2925 3039 3007 3113 et
3043 3037 3267 3112 domo
3308 3036 3450 3112 Pe·

587 3163 787 3239 tefre
811 3155 863 3237 ⁶.
893 3162 1013 3237 Ibi
1046 3184 1231 3238 vero
1268 3164 1387 3237 est
1423 3164 1504 3237 et
1539 3161 1987 3237 viridarium
2016 3161 2219 3253 solis,
2255 3162 2385 3236 ubi
2414 3161 2770 3238 columna
2798 3166 2917 3256 est
2944 3162 3277 3260 grandiS,
3307 3184 3454 3258 que

749 3494 770 3532 ¹
811 3494 1053 3559 Exinde
1073 3495 1305 3560 Petrus
1323 3497 1496 3559 Diae.
1524 3495 1797 3560 codicem
1822 3496 2198 3576 Peregrinae
2217 3495 2639 3558 tantummodo
2664 3503 2895 3573 versat,
2931 3516 3008 3560 ea
3033 3495 3274 3575 eligens
3303 3516 3460 3575 qnae

588 3594 711 3656 sibi
749 3594 1041 3657 videntur
1080 3593 1159 3655 ad
1199 3594 1669 3675 topographiam
1708 3616 1945 3657 sacram
1984 3595 2315 3675 pertinere.
2360 3597 2564 3669 Quum
2603 3595 3059 3673 Alexandriam,
3088 3593 3221 3657 Nili
3260 3595 3460 3673 regio·

586 3712 745 3772 nem,
767 3691 1129 3755 'thebaiden
1165 3713 1364 3772 usque
1402 3694 1737 3756 lustrasset
1777 3701 1843 3756 et
1868 3693 2327 3773 descripsisset,
2356 3693 2435 3755 ad
2478 3693 2791 3758 desertam
2824 3693 3165 3774 Memphim
3202 3693 3455 3756 rediens

587 3791 930 3870 Peregrina
969 3791 1293 3871 pervenit:
1338 3812 1422 3862 eo.
1452 3792 1588 3854 loco
1615 3793 1843 3855 Petrus
1868 3791 2103 3854 desinit
2140 3792 2474 3872 compilare
2501 3792 2886 3855 itinerarium
2921 3790 3298 3871 Peregrinae
3326 3813 3462 3872 gra-

586 3887 843 3951 vissima
901 3888 1248 3951 studiorum
1296 3898 1646 3952 nostrorum
1700 3890 1955 3952 iactura.
1999 3890 2226 3951 Utrum
2280 3890 2362 3952 ad
2416 3889 2772 3969 aegyptiam
2820 3888 3161 3969 scripturae
3212 3891 3462 3951 sanctae

587 3993 828 4066 partem
864 3986 1298 4049 illustrandam
1338 4008 1429 4065 ea,
1470 4007 1628 4067 qnae
1670 3987 1897 4067 omisit,
1939 4007 2155 4066 parum
2195 3987 2478 4050 conferre
2539 3987 2876 4068 putaverit,
2918 4008 3000 4048 an
3039 3986 3273 4049 codicis
3310 3986 3465 4048 folia

587 4083 810 4146 ultima
848 4084 1180 4163 defuerint,
1223 4086 1526 4148 incertum
1568 4092 1686 4149 est.

747 4182 772 4218 ²
810 4182 1038 4246 Ruinis
1077 4183 1315 4246 veteris
1356 4184 1637 4265 Aegypti
1676 4184 1946 4247 biblicae
1981 4184 2280 4247 historias
2321 4185 2428 4248 vel
2466 4183 2710 4247 fabulas
2765 4184 3148 4266 apocryphas
3198 4204 3466 4247 accomo⁴

590 4281 741 4343 dare
782 4288 846 4343 et
885 4281 1121 4361 fingere
1176 4283 1423 4345 saeculo
1464 4290 1686 4363 quarto
1727 4283 2086 4346 institutum
2126 4303 2267 4345 esse
2308 4283 2716 4363 comperimus
2759 4283 2947 4345 etiam
2987 4302 3065 4345 ex
3101 4283 3464 4362 Peregrina·

590 4379 759 4441 tione
785 4401 845 4460 p.
872 4383 977 4442 49.
1065 4370 1080 4381 ’

748 4474 775 4512 ³
812 4477 1025 4538 Iesum
1077 4476 1142 4538 in
1181 4476 1541 4559 Aegyptum
1581 4479 1949 4557 migrantem
1988 4479 2415 4560 Hermopolim
2455 4480 2794 4543 Thebaidis
2835 4480 3089 4543 venisse
3128 4479 3466 4541 credebant

590 4574 911 4655 Aegyptii,
932 4581 1005 4635 nt
1044 4574 1418 4638 Sozomenus
1459 4576 1680 4638 scribit
1700 4578 1806 4658 (H.
1834 4578 1908 4640 E.
1935 4578 1978 4640 1.
2003 4579 2082 4641 V.
2111 4599 2162 4640 c.
2192 4580 2276 4660 2).
2306 4579 2439 4642 Res
2465 4580 2762 4659 postulat,
2790 4586 2864 4641 nt
2898 4578 3245 4641 Burchardi
3272 4578 3467 4640 verba

587 4670 929 4735 referamus
970 4673 1304 4756 (Descript.
1347 4682 1548 4738 terrae
1591 4697 1642 4737 s.
1685 4697 1818 4756 cap.
1858 4678 1966 4757 4):
2014 4699 2046 4736 ς
2086 4676 2265 4739 Inter
2311 4677 2737 4759 Hermopolim
2784 4686 2850 4741 et
2903 4677 3294 4741 Babiloniam
3342 4676 3466 4739 Ae·

588 4772 768 4852 gypti
809 4772 1014 4834 medio
1055 4772 1188 4835 fere
1229 4773 1365 4835 loco
1408 4781 1510 4836 est
1550 4773 1768 4837 hortus
1809 4775 2106 4853 balsami3
2148 4776 2447 4855 irrigatur
2472 4798 2511 4839 a
2548 4776 2722 4839 fonte
2775 4797 2967 4858 parvo
3005 4776 3120 4841 sed
3158 4777 3369 4853 ubere,
3400 4775 3465 4837 in

589 4888 709 4946 quo
750 4868 916 4931 fama
956 4877 1056 4932 est
1094 4870 1343 4935 beatam
1380 4871 1702 4949 Virginem
1741 4892 2000 4953 puerum
2049 4872 2260 4936 Iesum
2316 4894 2504 4955 saepe
2558 4875 2810 4938 lavisse.
2856 4920 2871 4936 .
2917 4920 2931 4936 .
2978 4920 2992 4935 .
3048 4875 3224 4937 Haec
3263 4873 3469 4936 omnia

589 4975 964 5031 venerantur
1004 4989 1041 5030 a
1081 4968 1438 5031 christianis
1481 4976 1547 5032 et
1588 4969 1900 5033 saracenis
1943 4995 1998 5032 ι».

750 5068 776 5102 ⁴
817 5066 1158 5146 Gregorius
1198 5066 1574 5131 Turonensis
1600 5069 1666 5130 in
1692 5069 1978 5132 Historia
2004 5070 2380 5134 Francorum
2409 5072 2474 5153 (l.
2501 5072 2556 5147 I,
2581 5092 2632 5134 c.
2666 5074 2767 5153 10)
2796 5072 3073 5135 eamdem
3114 5071 3465 5153 opinionem

590 5173 845 5229 secutus
886 5173 1022 5229 est:
1069 5189 1101 5224 α
1142 5164 1471 5228 Babilonia
1499 5168 1849 5249 (Aegypti),
1879 5170 1945 5230 in
1971 5190 2094 5249 qna
2132 5170 2363 5251 Ioseph
2388 5170 2610 5235 horrea
2636 5172 2791 5233 miro
2821 5191 3006 5253 opere
3044 5170 3124 5233 de
3152 5170 3467 5252 lapidibus

590 5263 844 5343 quadris
885 5273 970 5351 et.
990 5272 1310 5326 coemento
1353 5265 1707 5328 aedificavit
1747 5290 1803 5328 ›.

751 5362 776 5398 ⁵
814 5361 894 5423 Id
918 5362 1150 5442 optime
1175 5382 1312 5424 cum
1330 5363 1659 5426 Itinerario
1681 5365 1982 5427 Antonini
2023 5367 2376 5430 consentit:
2405 5389 2437 5426 ς
2461 5365 2995 5430 Babilonia·Helia
3022 5387 3099 5427 m.
3142 5385 3202 5446 p.
3231 5366 3369 5427 XII
3411 5388 3468 5427 ›.

748 5461 775 5498 ⁶
814 5461 1030 5523 Murus
1075 5461 1368 5540 antiquus
1411 5462 1707 5541 iungebat
1749 5463 1938 5546 (qnod
1977 5465 2235 5527 verbnm
2275 5465 2341 5526 in
2384 5473 2675 5527 contextu
2712 5463 3128 5545 desideratur)
3171 5464 3467 5543 templum
3559 5460 3569 5469 ’

594 5557 749 5621 solis
802 5579 941 5622 cnm
995 5559 1177 5622 domo
1233 5560 1540 5640 Asennoc,
1596 5582 1753 5640 qnae
1813 5563 1879 5625 in
1918 5585 2142 5646 graeca
2193 5565 2481 5627 versione
2536 5564 2718 5645 (Gen.
2778 5563 2955 5643 XLI,
3017 5564 3123 5643 45)
3186 5562 3471 5625 Aseneth

593 5656 723 5720 filia
761 5659 1111 5740 Petephrae
1154 5665 1220 5720 et
1255 5678 1411 5725 uxor
1447 5659 1675 5741 Ioseph
1715 5670 1970 5726 vocatur
2009 5662 2113 5746 (cf.
2144 5662 2482 5743 Iosephum
2507 5662 2722 5741 Antiq.
2743 5662 2884 5725 Iud.
2912 5663 2953 5723 1.
2983 5662 3074 5742 Π,
3100 5681 3151 5724 c.
3182 5661 3267 5742 6).
