4642 6650
1162 679 1207 745 6
2421 706 2472 751 s.
2526 705 2780 749 mamm

1162 928 1395 1020 ditur,
1451 948 1697 1023 neque
1752 929 1963 1000 terra
2019 925 2098 998 in
2153 924 2482 998 formam
2538 924 3012 1016 describitur,
3053 948 3299 1021 neque
3337 928 3476 1003 Dei
3532 928 4029 1025 inspiratione

1160 1054 1240 1128 in
1297 1053 1629 1127 animam
1688 1052 2076 1127 viventem
2136 1051 2492 1124 materies
2548 1050 2630 1122 in
2702 1049 2974 1124 animis
3047 1057 3611 1129 commovetur:
3688 1057 3816 1130 sed
3881 1059 4031 1133 ossi

1161 1200 1335 1253 caro
1392 1177 1780 1268 adcrescit,
1838 1178 1919 1250 et
1973 1175 2183 1250 carni
2236 1174 2597 1270 perfectio
2653 1176 2984 1270 corporis
3050 1175 3301 1268 datur,
3362 1181 3442 1252 et
3493 1180 4031 1274 perfectionem

1162 1304 1491 1398 corporis
1546 1304 1763 1397 vigor
1818 1300 2236 1398 spiritualis
2274 1300 2731 1395 insequitur.
2790 1299 3011 1374 Hunc
3063 1303 3636 1392 resurrectionis
3694 1306 4034 1381 ordinem

1160 1449 1294 1523 per
1331 1427 1795 1501 Ezechielem
1836 1425 2040 1499 Deus
2080 1425 2385 1499 locutus
2421 1425 2540 1497 est
2579 1423 2876 1513 docenS,
2909 1425 2987 1497 in
3025 1424 3142 1498 his
3180 1448 3376 1520 quae
3413 1427 3746 1521 gerenda
3786 1433 4036 1521 erant,

1160 1552 1474 1627 virtutis
1555 1573 1740 1625 suae
1822 1553 2308 1645 potestatem.
2375 1549 2542 1625 Illic
2610 1549 2619 1642 Ι
2688 1551 2891 1624 enim
2959 1552 3217 1624 omnia
3285 1556 3789 1628 concurrunt:
3864 1577 4038 1630 caro

1160 1677 1400 1768 adest,
1459 1677 1769 1773 spiritus
1823 1676 2159 1787 advolat,
2209 1675 2367 1750 Deo
2425 1697 2520 1747 ex
2575 1675 2927 1770 operibus
2983 1675 3138 1749 suis
3196 1669 3475 1750 ...i...a¹
3548 1678 3882 1774 deperit:
3942 1682 4040 1754 ad

1161 1802 1643 1876 efficientiam
1700 1800 2033 1895 corporis
2070 1799 2212 1890 sui,
2254 1820 2370 1889 ea,
2412 1821 2607 1894 quae
2647 1820 2798 1871 non
2838 1802 3082 1889 erant,
3124 1800 3561 1875 adfuerunt.
3603 1802 3740 1875 Est
3777 1807 4037 1879 autem

1161 1929 1723 2004 sacramentum
1777 1925 1920 1999 hoc
1974 1924 2389 1999 secundum
2429 1915 2947 2020 apostolum²z
2988 1929 3019 1961 “
3050 1925 3167 1999 Ab
3225 1930 3487 2001 sancto
3543 1951 3736 2019 sum,
3795 1953 3842 2002 a
3879 1952 4038 2006 sae-

1161 2053 1349 2128 culis
1386 2052 1468 2125 in
1514 2050 1839 2124 Domino
1878 2072 2040 2125 esse
2077 2052 2343 2145 gentes
2382 2048 2822 2125 coheredes:
2865 2053 2945 2124 et
2980 2053 3406 2147 corporales
3445 2056 3526 2128 et
3562 2055 4036 2151 compartici-

1159 2201 1291 2274 pes
1326 2176 1902 2274 pollicitationis
1942 2175 2103 2251 eius
2141 2175 2222 2248 in
2261 2174 2561 2248 Christo
2601 2230 2631 2261 ,‚
2666 2196 2681 2248 τ
2723 2177 2853 2270 qui
2889 2179 3161 2270 potens
3199 2178 3301 2250 sit
3354 2179 3769 2254 secundum
3825 2203 4036 2255 eum-

1162 2305 1335 2379 dem
1372 2300 1805 2399 apostolum
1835 2300 2217 2375 conforme
2255 2300 2545 2375 efficere
2576 2321 2844 2394 corpus
2873 2299 3336 2375 humilitatis
3374 2306 3681 2379 nostrae
3710 2308 4041 2401 corporis

1160 2428 1452 2523 gloriae
1489 2449 1696 2501 suae.
1736 2425 2103 2521 Agnoscit
2139 2447 2316 2519 ergo
2356 2428 2532 2519 post
2577 2446 2930 2499 somnum
2986 2425 3356 2520 passionis
3412 2449 3621 2514 suae,
3680 2430 3986 2505 coelesti
4013 2421 4040 2464 ³

1162 2553 1409 2628 Adam
1446 2554 1913 2648 resurgente,
1955 2551 2267 2625 ecclesia
2303 2573 2531 2624 suum
2571 2574 2678 2642 os,
2719 2574 2954 2625 suam
2994 2573 3297 2627 carnem
3335 2575 3488 2626 non
3527 2554 3682 2626 iam
3724 2576 3814 2629 ex
3852 2555 4035 2631 limo

1161 2683 1522 2770 creatam,
1578 2699 1826 2774 neque
1882 2698 1975 2750 ex
2014 2676 2511 2773 inspiratione
2566 2680 3005 2774 vegetatam
3062 2678 3192 2752 sed
3247 2678 3803 2755 adcrescentem
3863 2682 4034 2772 ossi,

1162 2810 1242 2882 et
1297 2806 1377 2878 in
1432 2826 1703 2899 corpus
1757 2825 1850 2878 ex
1887 2824 2196 2897 corpore
2234 2803 2508 2897 spiritu
2547 2802 2960 2878 advolante
2997 2803 3433 2899 perfectam.
3493 2804 3637 2891 Qui
3693 2807 3903 2881 enim
3957 2807 4037 2879 in

1163 2931 1464 3006 Christo
1520 2931 1728 3020 sunt,
1768 2928 2186 3003 secundum
2226 2928 2616 3001 Christum
2654 2931 3076 3024 resurgent,
3117 2929 3196 3002 in
3236 2952 3387 3024 quo
3425 2931 3579 3004 iam
3635 2933 4037 3007 universae

1162 3055 1411 3130 carnis
1467 3055 1997 3130 consummata
2051 3055 2170 3127 est
2206 3052 2705 3126 resurrectio:
2749 3052 2909 3146 ipso
2958 3053 3089 3126 illo
3145 3053 3226 3126 in
3282 3076 3507 3130 carne
3544 3060 3808 3130 nostra
3864 3078 4037 3130 cum

1163 3180 1326 3272 Dei,
1385 3181 1465 3254 in
1521 3203 1674 3275 qua
1711 3181 1892 3253 ante
1931 3177 2235 3253 saecula
2271 3179 2577 3273 genitus
2616 3201 2663 3251 a
2700 3181 2918 3272 patre
2967 3179 3107 3268 est,
3149 3178 3442 3254 virtute
3499 3183 3882 3255 nascente.
3941 3180 4042 3254 Et

1162 3307 1342 3404 quia
1399 3306 1715 3381 iudaeus
1773 3306 1855 3380 et
1907 3327 2246 3401 graecus,
2286 3304 2658 3379 barbarus
2695 3308 2776 3380 et
2811 3304 3105 3403 schyta,
3146 3327 3412 3381 servus
3468 3307 3547 3381 et
3602 3300 3813 3399 liber,
3870 3331 4034 3381 ma·

1163 3433 1417 3508 sculus
1473 3436 1553 3508 et
1608 3431 1964 3521 foemina,
2023 3453 2283 3505 omnes
2339 3431 2421 3504 in
2458 3430 2758 3505 Christo
2807 3454 3047 3505 unum
3104 3435 3309 3522 sunt,
3368 3453 3541 3506 cum
3596 3454 3770 3506 caro
3827 3454 4033 3507 reco-

1163 3562 1381 3656 gnita
1435 3580 1528 3633 ex
1584 3580 1810 3632 carne
1865 3558 1990 3648 sit,
2049 3560 2130 3632 et
2185 3557 2498 3632 ecclesia
2555 3557 2836 3631 Christi
2891 3579 3160 3653 corpus
3215 3558 3355 3646 sit;
3414 3561 3494 3633 et
3547 3559 4025 3653 mysterium,

1164 3684 1366 3796 quod
1421 3683 1502 3756 in
1557 3682 1805 3756 Adam
1851 3684 2088 3779 atque
2126 3682 2367 3757 Evam
2405 3686 2543 3773 est,
2585 3684 2663 3756 in
2703 3682 3089 3757 Christum
3124 3686 3205 3758 et
3254 3683 3334 3756 in
3373 3683 3762 3758 ecclesiam
3817 3706 4035 3779 prae·

1168 3810 1512 3884 dicatur:
1570 3807 1993 3903 perfectum
2033 3807 2187 3881 iam
2225 3809 2366 3882 sub
2405 3807 2653 3881 Adam
2692 3810 2927 3904 atque
2966 3809 3207 3882 Evam
3259 3809 3340 3883 in
3395 3808 3704 3883 exordio
3760 3808 4043 3883 saeculi

1167 3936 1307 4023 est,
1350 3931 1719 4028 quidquid
1772 3932 1853 4004 in
1908 3932 2641 4006 consummationem
2692 3936 3125 4035 temporum
3180 3955 3314 4028 per
3369 3932 3756 4006 Christum
3810 3932 4043 4007 eccle-

1167 4058 1324 4132 siae
1380 4058 1903 4153 praeparatur.

1329 4183 1772 4280 Sequuntur
1825 4181 2150 4278 primam
2206 4181 2488 4256 Christi
2535 4185 2616 4256 et
2653 4183 3005 4257 ecclesiae
3047 4183 3767 4280 praefigurationem
3821 4190 4040 4281 gesta

1169 4310 1383 4407 Cayn
1411 4311 1491 4383 et
1530 4307 1745 4400 Abel,
1777 4308 2018 4381 duum
2054 4307 2133 4380 in
2172 4329 2252 4382 se
2282 4307 2736 4403 populorum
2772 4309 3456 4403 praeformantium
3488 4311 4038 4403 diversitatem,

1169 4435 1499 4531 ipsisque
1553 4436 1634 4508 et
1687 4433 2122 4507 nominibus
2160 4436 2241 4507 et
2278 4432 2536 4507 officiis
2576 4454 2823 4507 mores
2861 4436 2941 4507 et
2978 4434 3234 4507 studia
3287 4436 3681 4531 utriusque
3737 4438 4038 4532 signan-

1171 4560 1392 4633 tium.
1451 4557 1661 4654 Cayn
1717 4559 1921 4631 enim
1979 4560 2149 4632 erat
2220 4560 2507 4632 terram
2565 4556 2858 4649 colenS,
2917 4561 2998 4632 et
3052 4557 3243 4632 Abel
3300 4581 3479 4633 oves
3533 4582 3889 4655 pascens:
3952 4583 4040 4636 ex

1170 4663 1547 4759 fructibus
1587 4686 1850 4758 autem
1879 4682 2036 4757 suis
2066 4684 2585 4780 unusquisque
2624 4682 2971 4778 mysterii
2999 4683 3158 4758 Deo
3189 4707 3465 4758 munus
3497 4686 3865 4760 exhibuit.
3901 4684 4043 4759 Sed

1171 4810 1678 4906 inspiciuntur
1732 4831 2052 4883 munera
2107 4808 2323 4899 Abel,
2383 4807 2595 4905 Cayn
2651 4811 2914 4883 autem
2968 4831 3123 4881 non
3177 4809 3576 4898 videntur;
3634 4832 3903 4886 verum
3957 4815 4038 4885 et

1172 4936 1332 5010 dies
1384 4935 1840 5010 indiscretus
1893 4933 2241 5009 sacrificii
2295 4937 2377 5009 et
2449 4935 2659 5009 locus
2715 4937 2873 5009 est:
2931 4936 3012 5007 et
3085 4934 3241 5009 Deo
3316 4936 3571 5009 omnia
3644 4938 4041 5012 contuenti

1174 5060 1553 5156 quomodo
1610 5063 1751 5134 aut
1803 5061 1946 5135 hoc
2000 5060 2081 5133 in
2136 5064 2542 5157 conspectu
2580 5062 2721 5151 est,
2764 5063 2901 5132 aut
2954 5060 3173 5133 illum
3230 5064 3449 5135 extra
3505 5062 4041 5157 conspectum?

1175 5185 1319 5262 Sed
1375 5207 1508 5281 per
1561 5185 1757 5260 hanc
1812 5183 2445 5281 significationem
2501 5184 2818 5259 docetur
2853 5184 2997 5257 Dei
3044 5188 3531 5280 conspectum
3584 5186 4044 5282 placitarum

1338 5473 1355 5507 ¹
1387 5469 1519 5527 suis
1547 5465 1652 5527 vix
1676 5466 1925 5544 legitur,
1956 5471 2022 5527 et
2048 5465 2126 5527 de
2155 5485 2214 5527 v.
2258 5423 2539 5544 sequenti
2578 5465 2828 5528 litterae
2868 5465 3315 5529 incertissimas
3343 5472 3581 5529 tantum
3608 5471 3941 5547 supersunt
3970 5500 4048 5513 —-

1176 5573 1199 5606 ²
1227 5563 1404 5625 Paul.
1446 5563 1523 5625 ad
1566 5564 1796 5643 Ephes.
1836 5564 1958 5641 ΠΙ,
2002 5565 2040 5623 6
2081 5599 2163 5609 -
2203 5572 2225 5603 ³
2254 5563 2564 5626 coelestis.
