4642 6650
1429 744 1518 789 An
1564 742 1737 790 noos
1784 741 2038 792 smera
2083 741 2192 788 An.
2240 746 2444 789 ssu-sss
3276 720 3362 786 83

504 965 645 1038 aut
697 962 778 1036 in
833 961 1252 1052 Bethleem,
1292 960 1756 1056 superfluum
1792 961 1946 1035 fuit
1979 959 2228 1036 scribi.
2285 960 2434 1035 Ubi
2473 962 2690 1036 extra
2727 984 3002 1035 aurum
3038 963 3122 1035 et
3156 977 3363 1054 gem-

507 1108 669 1160 mas
707 1088 850 1159 aut
882 1085 1130 1178 sirico,
1184 1085 1379 1158 nihil
1416 1083 1628 1158 aliud
1665 1083 1914 1158 vides:
1954 1107 2135 1157 nam
2171 1084 2235 1158 si
2278 1085 2444 1159 vela
2483 1085 2718 1175 videS,
2759 1084 3171 1158 auroclava
3209 1082 3368 1156 olo-

507 1209 745 1286 serica
772 1213 1001 1298 sunt;
1039 1210 1102 1283 si
1139 1212 1473 1284 cortinas
1515 1208 1744 1297 vides,
1786 1209 2140 1284 similiter
2194 1210 2651 1284 auroclavae
2707 1209 3115 1284 olosericae
3163 1208 3371 1281 sunt.

510 1327 1069 1408 Ministerium¹
1130 1336 1416 1424 autem,
1483 1352 1705 1406 omne
1768 1353 2028 1427 genUS,
2086 1356 2406 1409 aureum
2459 1336 2931 1430 gemmatum
2986 1332 3375 1427 profertur

508 1457 648 1533 illa
699 1458 841 1532 die.
896 1458 1279 1533 Numerus
1334 1459 1599 1533 autem
1652 1460 1776 1534 vel
1834 1459 2281 1555 ponderatio
2339 1457 2432 1532 de
2486 1457 2886 1546 ceriofaliS,
2954 1456 3081 1531 vel
3148 1453 3374 1530 cicin-

515 1582 701 1657 delis
725 1573 777 1672 ²,
835 1585 975 1657 aut
1008 1582 1360 1668 lucernis„
1403 1583 1522 1658 vel
1562 1583 1856 1660 diverso
1895 1581 2341 1671 ministerio,
2380 1580 2754 1675 numquid
2791 1580 2914 1654 vel
2950 1577 3374 1654 existimari

514 1708 657 1780 aut
692 1705 916 1781 scribi
950 1706 1256 1802 potest?
1294 1705 1496 1780 Nam
1531 1708 1713 1801 quid
1751 1707 1996 1782 dicam
2036 1707 2128 1781 de
2166 1709 2446 1779 ornatu
2482 1703 2815 1779 fabricae
2852 1703 3109 1800 ipsius,
3137 1725 3373 1799 quam

517 1829 1061 1905 Constantinus
1114 1831 1255 1904 sub
1314 1830 1694 1925 presentia
1747 1832 2017 1905 matris
2054 1852 2238 1905 suae
2263 1821 2316 1921 ³,
2357 1829 2438 1903 in
2474 1831 2851 1926 quantum
2905 1829 3104 1903 vires
3160 1827 3377 1923 regni

516 1953 634 2028 sui
687 1954 984 2042 habuit,
1040 1954 1451 2031 honoravit
1504 1977 1718 2044 auro,
1775 1955 2095 2046 musivo,
2137 1958 2219 2030 et
2271 1976 2651 2029 marmore
2686 1953 3018 2050 pretioso
3056 1957 3223 2028 tam
3259 1974 3379 2028 ec·

518 2076 820 2153 clesiam
851 2080 1241 2169 maiorem,
1281 2083 1510 2174 quam
1550 2078 2013 2170 Anastasim,
2053 2079 2178 2156 vel
2215 2079 2313 2152 ad
2353 2078 2664 2154 Crucem
2681 2070 2734 2169 ⁴,
2765 2078 2888 2154 vel
2927 2080 3180 2155 cetera
3217 2079 3384 2153 loca

521 2204 787 2277 sancta
839 2202 920 2276 in
972 2202 1461 2278 Ierusolima‘l
1519 2202 1665 2276 Sed
1720 2205 1811 2277 ut
1863 2202 2261 2278 redeamus
2315 2203 2414 2284 ad
2467 2224 2656 2294 rem,
2719 2201 2811 2276 fit
2882 2224 3062 2298 ergo
3136 2202 3384 2297 prima

523 2329 648 2404 die
700 2327 933 2404 missa
986 2328 1067 2400 in
1122 2325 1433 2402 ecclesia
1486 2327 1800 2417 maiore,
1858 2347 2056 2423 quae
2109 2330 2228 2401 est
2280 2327 2363 2400 in
2419 2326 2825 2421 Golgotha.
2875 2326 2977 2400 Et
3021 2327 3386 2422 quoniam

523 2451 707 2526 dum
758 2451 1176 2547 predicant,
1233 2450 1358 2526 vel
1406 2451 1669 2545 legent
1721 2449 2062 2545 singulas
2113 2450 2501 2541 lectiones,
2565 2451 2692 2526 vel
2766 2450 3031 2526 dicunt
3081 2474 3379 2549 ymnoS,

529 2577 786 2650 omnia
836 2579 1104 2651 tamen
1158 2577 1343 2670 apta
1396 2575 1542 2669 ipsi
1595 2574 1788 2649 diei:
1850 2576 1932 2649 et
1983 2574 2160 2648 inde
2216 2575 2704 2669 postmodum
2760 2597 2934 2650 cum
2988 2575 3218 2651 missa
3274 2597 3390 2650 ec·

527 2700 800 2777 clesiae
852 2698 1062 2775 facta
1114 2698 1374 2790 fuerit,
1432 2698 1645 2772 hitur
1699 2720 1872 2775 cum
1926 2698 2181 2793 ymnis
2237 2698 2335 2772 ad
2391 2698 2854 2789 Anastasim,
2921 2693 3139 2773 iuxta
3213 2721 3391 2774 con·

527 2824 1054 2901 suetudinem:
1113 2845 1204 2898 ac
1256 2824 1363 2897 sic
1415 2822 1505 2897 fit
1559 2823 1790 2897 missa
1841 2822 2167 2899 forsitan
2201 2826 2419 2898 sexta
2455 2823 2668 2897 hora.
2707 2823 2885 2917 Ipsa
2940 2826 3204 2899 autem
3242 2823 3389 2916 die,

530 2948 881 3024 similiter
935 2951 1016 3023 et
1069 2947 1167 3021 ad
1211 2946 1608 3021 lucernare
1643 2948 1862 3021 iuxta
1900 2947 2525 3022 consuetudinem
2563 2947 3027 3022 cotidianam
3065 2947 3177 3022 fit.
3218 2948 3395 3022 Alia

533 3073 781 3148 denuo
838 3071 960 3146 die
1012 3070 1367 3146 similiter
1419 3069 1501 3142 in
1557 3071 1720 3165 ipsa
1773 3071 2088 3145 ecclesia
2140 3070 2578 3166 proceditur
2632 3072 2711 3143 in
2768 3070 3172 3167 Golgotha.
3231 3070 3395 3147 Hoc

533 3195 737 3270 idem
772 3197 856 3268 et
890 3194 1127 3268 tertia
1162 3192 1325 3267 die:
1364 3213 1497 3287 per
1532 3191 1790 3266 triduo
1828 3214 2008 3288 ergo
2045 3213 2178 3289 per
2213 3192 2560 3267 homines
2600 3193 2903 3268 laetitia
2939 3195 3019 3267 in
3058 3192 3400 3284 ecclesia,

535 3342 768 3416 quam
819 3316 1003 3394 fecit
1056 3316 1627 3406 ConstantinuS,
1683 3316 2116 3392 celebratur
2175 3338 2413 3413 usque
2450 3316 2545 3391 ad
2584 3319 2903 3392 sextam.
2945 3317 3238 3405 Quarta
3277 3318 3400 3395 die

535 3444 619 3517 in
669 3443 981 3533 Eleona,
1038 3441 1118 3515 id
1171 3444 1289 3517 est
1340 3442 1422 3515 in
1475 3441 1810 3533 ecclesia,
1850 3463 2046 3538 quae
2083 3444 2200 3517 est
2254 3442 2335 3515 in
2390 3445 2651 3517 monte
2698 3443 2966 3521 oliveti
2994 3436 3043 3536 5,
3086 3445 3406 3542 pulchra

538 3565 751 3659 satis,
807 3566 1161 3641 similiter
1215 3565 1471 3640 omnia
1525 3566 1639 3640 ita
1694 3568 2088 3658 ornantur,
2145 3568 2227 3640 et
2280 3566 2395 3641 ita.
2431 3567 2915 3643 celebrantur
2950 3569 3081 3644 ibi.
3121 3568 3406 3655 Quinta

543 3691 665 3767 die
699 3691 780 3764 in
816 3690 1162 3782 Lazariu,
1202 3691 1406 3786 quod
1443 3693 1563 3766 est
1600 3691 1696 3765 ab
1733 3691 2185 3767 Ierusolima
2222 3690 2548 3766 forsitan
2585 3693 2684 3767 ad
2710 3694 2922 3769 mille
2950 3695 3408 3792 quingentos

707 4056 726 4094 ¹
767 4057 1186 4120 Ministerium
1227 4056 1536 4136 significat
1577 4076 1819 4120 omnem
1860 4056 2160 4120 ecclesiae
2199 4058 2651 4139 supellectilem
2691 4079 2947 4122 sacram.
3002 4060 3236 4122 Concil.
3277 4062 3416 4124 Va-

545 4156 695 4219 lent.
735 4155 841 4216 111
882 4156 1046 4236 (ann.
1086 4156 1230 4236 855)
1271 4175 1405 4234 cap.
1449 4158 1558 4217 10:
1603 4178 1635 4213 α
1657 4155 2035 4235 Thesaurus,
2077 4155 2213 4219 sive
2254 4156 2682 4235 ministerium,
2721 4158 2825 4221 vel
2853 4167 3278 4222 ornamentum
3319 4181 3417 4223 ec·

549 4254 876 4317 clesiarum
898 4275 953 4314 ›.

708 4348 734 4385 ²
777 4348 1111 4427 Cicindela,
1151 4368 1348 4429 genus
1387 4348 1713 4430 lampadis,
1754 4347 1856 4412 vel
1894 4370 2089 4431 parva
2126 4351 2383 4431 lampas,
2427 4351 2506 4415 de
2535 4372 2657 4431 qua
2683 4352 2980 4415 Zaccaria
3004 4353 3073 4415 in
3102 4353 3419 4418 Onomast.

550 4446 682 4509 Bit.
723 4445 805 4507 ad
844 4466 905 4509 v.

709 4544 735 4581 ³
773 4544 1034 4621 Helena,
1079 4543 1469 4606 Constantini
1509 4550 1725 4625 mater,
1765 4554 2093 4626 postquam
2132 4567 2376 4612 crucem
2428 4548 2699 4626 Domini,
2752 4555 2827 4612 111
2878 4549 3097 4629 fertur,
3161 4551 3421 4632 invenit,

554 4641 834 4705 aedificia
857 4662 1035 4704 sacra
1060 4642 1125 4703 in
1152 4642 1463 4722 Golgotha
1487 4651 1735 4723 praeter
1761 4646 2106 4724 opinionem
2133 4647 2441 4709 mirabilia
2467 4649 2778 4727 excitavit,
2808 4649 2922 4712 sed
2952 4669 3161 4713 eorum
3188 4651 3424 4731 formae

557 4739 965 4802 delineandae
994 4738 1532 4819 fundamentisque
1559 4742 1856 4805 iaciendis
1884 4743 2264 4807 solummodo
2302 4743 2523 4825 adfuit,
2562 4767 2706 4808 nam
2733 4768 2889 4810 anno
2925 4750 3210 4827 sequenti
3253 4751 3421 4831 (328)

559 4858 595 4899 e
632 4837 766 4899 vita
802 4836 1114 4915 migravit.

712 4936 742 4970 ⁴
779 4934 883 4996 Ad
925 4934 1183 4997 Crucem
1218 4935 1320 4997 1110
1357 4942 1689 5016 usurpatur
1727 4959 1838 5018 pro
1879 4939 2154 5017 basilica,
2194 4940 2303 5001 ubi
2346 4948 2481 5002 erat
2519 4943 2720 5005 crucis
2775 4944 3143 5008 cubiculum.

714 5032 740 5068 ⁵
781 5032 1061 5094 Ecclesia
1099 5033 1167 5094 in
1206 5034 1457 5112 Eleona,
1500 5035 1739 5096 scilicet
1777 5036 1843 5097 in
1881 5044 2089 5098 monte
2120 5038 2370 5115 Oliveti,
2401 5041 2478 5100 ab
2505 5040 2745 5103 Helena
2772 5049 2837 5102 et
2865 5043 3270 5104 Constantino
3298 5043 3426 5105 filio

560 5135 925 5206 constructa,
965 5150 1089 5191 non
1127 5132 1532 5193 Ascensionis
1572 5133 1792 5209 locum,
1834 5141 1907 5194 ut
1945 5135 2132 5213 vulgo
2173 5143 2446 5215 putatur,
2506 5137 2622 5198 sed
2673 5139 3027 5217 speluncam
3068 5141 3429 5219 complecte-

559 5231 758 5305 batur,
787 5230 852 5292 in
878 5251 1000 5309 qua
1024 5230 1325 5291 Dominus
1352 5250 1490 5292 cnm
1516 5233 1815 5309 apostolis
1844 5233 1976 5294 suis
1999 5234 2369 5296 considerat.
2397 5235 2542 5296 Itin.
2573 5237 2866 5316 Burdig.:
2900 5261 2932 5296 α
2956 5239 3112 5300 Inde
3142 5240 3431 5303 ascendis

563 5326 631 5388 in
668 5335 938 5390 montem
982 5327 1235 5407 Oliveti,
1276 5329 1384 5389 ubi
1422 5329 1729 5390 Dominus
1770 5335 1913 5392 ante
1952 5312 2305 5411 passionem
2344 5331 2686 5413 discipulos
2708 5354 2853 5398 suos
2880 5335 3109 5397 docuit.
3137 5336 3240 5398 Ibi
3266 5335 3433 5399 facta

565 5431 665 5487 est
704 5423 879 5487 iussu
920 5423 1311 5487 Constantini
1351 5425 1612 5488 basilica
1650 5425 1842 5488 mirae
1880 5427 2360 5506 pulchritudinis
2384 5451 2439 5490 ›.
