4642 6650
1483 801 1572 845 An
1618 799 1792 846 Loca
1838 799 2094 846 senon
2138 799 2246 844 m.
2296 801 2501 844 usa-uss
3333 774 3423 843 8¹7

557 1041 732 1096 nem
783 1018 1028 1094 totius
1082 1013 1288 1106 anni,
1345 1018 1428 1091 et
1482 1015 1739 1090 omnia
1793 1018 2155 1110 aguntur,
2213 1033 2411 1108 quae
2464 1011 2934 1088 consuetudo
2990 1015 3109 1086 est
3155 1012 3254 1086 ad
3288 1034 3425 1086 no-

558 1168 736 1219 nam
791 1144 918 1239 agi
971 1143 1279 1238 praeter
1336 1132 1694 1215 oblatio¹:
1751 1163 1927 1214 nam
1987 1142 2079 1213 ut
2132 1159 2428 1232 semper
2480 1137 2805 1231 populus
2861 1135 3104 1210 discat
3156 1137 3426 1232 legem,

560 1273 642 1344 et
677 1268 1070 1364 episcopus
1107 1268 1187 1338 et
1223 1263 1597 1362 presbiter
1622 1263 2022 1360 predicant
2058 1262 2386 1336 assidue.
2418 1261 2607 1335 Cum
2645 1264 2907 1334 autem
2952 1260 3159 1335 facta
3197 1261 3433 1336 fuerit

564 1392 816 1482 missa,
855 1389 1030 1462 inde
1066 1409 1237 1463 cum
1292 1388 1546 1483 ymnis
1598 1388 1925 1483 populus
1964 1384 2285 1461 deducet
2324 1384 2757 1480 episcopum
2794 1405 3037 1480 usque
3074 1384 3173 1457 ad
3221 1385 3432 1457 Ana·

561 1519 872 1604 stasem,
909 1512 1068 1586 iam
1122 1513 1204 1586 et
1254 1513 1428 1585 tota
1481 1511 1897 1586 lucernari:
1955 1511 2064 1585 sic
2118 1509 2479 1584 dicuntur
2531 1508 2748 1604 ymni
2803 1511 2884 1581 et
2937 1508 3431 1603 antiphonae,

561 1640 760 1714 fiunt
812 1635 1221 1726 orationes,
1279 1638 1361 1710 et
1412 1634 1505 1708 fit
1557 1634 1786 1708 missa
1822 1634 2235 1709 lucernaris
2270 1634 2353 1707 in
2389 1633 2756 1707 Anastase
2812 1636 2894 1707 et
2930 1632 3029 1706 ad
3089 1632 3428 1709 Crucem.

561 1762 792 1836 Missa
845 1761 1108 1833 autem
1160 1756 1574 1832 lucernaris
1626 1756 1948 1832 hiisdem
2004 1757 2292 1849 diebuS,
2351 1756 2430 1829 id
2484 1758 2605 1831 est
2641 1756 3427 1852 quadragesimarum,

564 1884 804 1961 serius
858 1881 950 1956 fit
1002 1893 1297 1976 semper
1349 1904 1580 1977 quam
1633 1902 1768 1977 per
1821 1884 1993 1956 toto
2047 1903 2272 1955 anno.
2332 1881 2617 1967 Quinta
2671 1881 2863 1955 ieria
2917 1885 3183 1955 autem
3218 1881 3429 1955 simi·

567 2009 749 2082 liter
802 2005 1060 2082 omnia
1115 2008 1477 2100 aguntur,
1534 2006 1735 2081 sicut
1788 2006 2118 2080 secunda
2186 2005 2400 2096 feria,
2468 2008 2550 2080 et
2615 2006 2853 2080 tertia
2917 2006 3129 2081 feria.
3200 2005 3432 2081 Sexta

567 2131 760 2208 feria
813 2133 1077 2205 autem
1132 2130 1490 2203 similiter
1544 2130 1803 2204 omnia
1858 2133 2195 2226 aguntur
2250 2131 2449 2204 sicut
2503 2133 2783 2225 quarta
2818 2129 3033 2220 feria,
3091 2134 3172 2205 et
3224 2129 3431 2204 simi-

571 2256 752 2329 liter
806 2254 905 2327 ad
958 2275 1241 2327 nonam
1296 2254 1377 2327 in
1432 2252 1638 2349 Syon
1693 2255 1884 2328 itur:
1943 2257 2026 2330 et
2078 2255 2431 2329 similiter
2484 2254 2660 2327 inde
2695 2276 2869 2328 cum
2907 2255 3155 2350 ymnis
3191 2275 3434 2350 usque

568 2379 669 2454 ad
720 2378 1097 2452 Anasta-se
1150 2377 1574 2453 adducetur
1627 2379 2041 2474 episcopus.
2082 2377 2229 2453 Sed
2273 2380 2492 2453 sexta
2528 2376 2720 2452 feria
2756 2378 3063 2474 vigiliae
3099 2380 3179 2451 in
3233 2379 3431 2453 Ana-

568 2506 773 2578 stase
828 2502 1312 2578 celebrantur
1365 2501 1464 2576 ad
1517 2523 1608 2577 ea
1661 2502 1872 2591 hora,
1930 2525 2081 2598 qua
2136 2501 2230 2576 de
2286 2501 2468 2577 Sion
2521 2505 2842 2576 ventum
2913 2501 3174 2595 fuerit,
3258 2524 3432 2577 cum

566 2627 820 2724 ymnis
859 2648 1101 2722 usque
1135 2625 1217 2699 in
1273 2647 1522 2716 mane,
1578 2626 1658 2700 id
1694 2629 1814 2701 est
1850 2626 1943 2701 de
1980 2628 2171 2701 hora
2205 2626 2610 2717 lucernari,
2650 2626 3290 2721 quemadmodum
3317 2627 3433 2701 in·

567 2753 865 2826 tratum
902 2751 1164 2825 fuerit.
1204 2751 1293 2823 In
1332 2751 1487 2823 alia
1523 2752 1647 2826 die
1684 2772 1931 2842 mane,
1964 2750 2040 2823 id
2077 2753 2197 2826 est
2231 2750 2576 2840 sabbato,
2608 2749 2700 2824 fit
2735 2752 2998 2825 autem
3035 2751 3327 2826 oblatio
3355 2753 3435 2825 in

569 2874 936 2949 Anastase
961 2873 1363 2965 maturius,
1395 2875 1509 2948 ita
1546 2877 1637 2949 ut
1672 2874 1813 2948 fiat
1851 2874 2080 2949 missa
2115 2876 2296 2949 ante
2334 2875 2572 2948 solem
2598 2868 2648 2947 ².
2680 2874 2876 2948 Tota
2911 2878 3174 2950 autem
3210 2879 3436 2951 nocte

568 2998 861 3074 vicibus
899 2997 1259 3072 dicuntur
1292 2998 1563 3093 psalmi
1600 3000 2083 3095 responsorii,
2111 2999 2407 3074 vicibus
2444 2989 2933 3094 antiphonae,
2964 2999 3257 3074 vicibus
3285 3001 3434 3076 lec-

570 3122 819 3198 tiones
873 3121 1241 3212 diversae,
1298 3143 1496 3218 quae
1550 3123 1808 3198 omnia
1862 3145 2102 3219 usque
2155 3123 2237 3196 in
2290 3144 2516 3197 mane
2570 3123 3151 3218 protrahuntur.
3207 3125 3438 3199 Missa

569 3249 855 3338 autem,
896 3267 1091 3342 quae
1147 3245 1238 3320 fit
1290 3246 1612 3322 sabbato
1666 3247 1763 3321 ad
1803 3247 2202 3340 Anastase,
2247 3251 2429 3321 ante
2466 3248 2703 3322 solem
2739 3246 2852 3338 fit,
2891 3248 3035 3322 hoc
3070 3252 3189 3322 est
3225 3250 3435 3322 obla·

561 3369 719 3444 tio:
762 3372 850 3444 ut
885 3392 978 3444 ea
1011 3369 1223 3460 hora,
1265 3392 1417 3466 qua
1450 3371 1719 3465 incipit
1755 3370 1870 3445 sol
1909 3371 2333 3465 procedere,
2381 3372 2539 3444 iam
2575 3371 2804 3444 missa
2832 3362 2859 3405 ³
2914 3370 2994 3444 in
3056 3371 3437 3447 Anastase

565 3493 774 3569 facta
824 3493 951 3568 sit.
1008 3493 1130 3568 Sic
1181 3515 1362 3589 ergo
1405 3494 1750 3589 singulae
1786 3497 2256 3588 septimanae
2293 3495 2777 3570 celebrantur
2816 3495 3434 3592 quadragesima·

566 3616 993 3703 rum.Quod
1022 3621 1286 3692 autem
1317 3618 1494 3707 dixi,
1520 3621 1902 3693 maturius
1930 3617 2022 3692 fit
2044 3620 2271 3693 missa
2297 3619 2645 3711 sabbato,
2669 3612 2678 3720 Ι
2702 3620 2782 3692 id
2809 3621 2929 3693 est
2959 3623 3141 3695 ante
3169 3620 3433 3711 solem,

568 3742 974 3843 propterea
1009 3738 1122 3831 fit,
1161 3742 1254 3814 ut
1305 3740 1532 3815 citius
1586 3741 1994 3816 absolvant
2027 3741 2159 3832 hii,
2198 3765 2388 3837 quos
2426 3742 2691 3818 dicunt
2726 3742 2848 3817 hic
2883 3742 3364 3817 domadarios
3382 3735 3435 3819 ⁴.

570 3862 773 3938 Nam
806 3863 989 3937 talis
1025 3864 1493 3938 consuetudo
1532 3867 1653 3939 est
1688 3864 2148 3939 ieiuniorum
2184 3865 2269 3938 in
2305 3865 2926 3961 quadragesimis,
2956 3869 3050 3939 ut
3084 3866 3218 3955 hii,
3249 3888 3439 3962 quos

573 3988 967 4084 appellant
1019 3987 1618 4080 ebdomadari08‚
1674 3989 1753 4062 id
1808 3992 1924 4064 est
1979 3990 2112 4085 qui
2167 3990 2464 4065 faciunt
2516 3992 3003 4085 septimanas,
3062 3989 3441 4064 dominica

573 4112 718 4202 die,
774 4113 959 4207 quia
1008 4112 1200 4186 hora
1252 4111 1527 4207 quinta
1581 4112 1672 4187 fit
1717 4112 1970 4204 missa,
2009 4116 2102 4187 ut
2136 4113 2620 4188 manducent.
2660 4113 2761 4187 Et
2798 4112 3441 4208 quemadmodum

574 4235 1098 4333 prandiderint
1152 4236 1531 4311 dominica
1577 4236 1720 4328 die,
1761 4238 1915 4311 iam
1951 4258 2107 4312 non
2142 4238 2634 4327 manducant,
2671 4237 2817 4311 nisi
2856 4238 3177 4312 sabbato
3217 4258 3442 4312 mane

575 4384 754 4436 mox
807 4361 1541 4436 communicaverint
1594 4363 1674 4435 in
1729 4361 2122 4437 Anastase.
2183 4363 2507 4458 Propter
2559 4363 2760 4458 ipsos
2813 4385 3018 4458 ergo,
3074 4368 3168 4436 ut
3217 4364 3441 4439 citius

577 4485 1004 4576 absolvant,
1061 4487 1243 4559 ante
1298 4486 1455 4560 sole
1510 4484 1602 4558 fit
1656 4486 1889 4560 missa
1943 4487 2022 4559 in
2078 4485 2454 4560 Anastase
2506 4486 2854 4559 sabbat0.
2912 4486 3125 4572 Quod
3181 4491 3442 4562 autem

578 4608 758 4699 dixi,
815 4610 1127 4705 propter
1179 4607 1351 4683 illos
1405 4608 1497 4682 fit
1532 4609 1762 4683 missa
1799 4631 2047 4699 mane,
2087 4632 2244 4683 non
2282 4609 2485 4705 quod
2524 4609 2638 4682 illi
2675 4610 2819 4683 soli
2856 4611 3440 4700 communicent,

578 4733 710 4807 sed
763 4753 1025 4807 omnes
1083 4734 1672 4824 communicant,
1730 4735 1862 4829 qui
1916 4734 2192 4809 volunt
2243 4733 2511 4808 eadem
2547 4733 2669 4808 die
2705 4735 2787 4806 in
2832 4734 3200 4808 Anastase
3240 4756 3441 4808 com·

579 4878 990 4932 municare.

738 5098 759 5134 ¹
786 5098 1051 5160 Praeter
1088 5097 1486 5160 sacrificiumz
1527 5098 1643 5161 sed
1682 5119 1823 5161 mox
1858 5106 2004 5179 post
2040 5098 2561 5179 praedicationem
2613 5117 2954 5180 precesque
2997 5099 3343 5163 celebratas
3379 5100 3447 5161 iu

583 5194 845 5259 ecclesia
883 5195 1051 5273 Sion,
1092 5195 1347 5275 liturgia
1384 5197 1725 5259 lucernaris
1762 5196 1836 5257 fit
1873 5197 1942 5258 in
1978 5198 2311 5259 Anastase.

741 5293 766 5330 ²
797 5292 1047 5355 Oblatio
1089 5293 1249 5356 ritus
1292 5301 1389 5357 est
1429 5294 1764 5373 offerendi;
1804 5295 2013 5373 missa,
2059 5295 2413 5358 dimittendi
2452 5295 2744 5375 populum
2784 5294 2978 5358 sacris
3017 5297 3306 5376 peractis.

740 5392 766 5430 ⁸
794 5392 944 5454 Ood.
987 5396 1072 5453 ad
1109 5398 1384 5455 missam.

740 5491 768 5527 ⁴
794 5490 1015 5553 Cibum
1052 5497 1124 5553 ut
1163 5498 1498 5570 sumerent,
1538 5491 1644 5570 qui
1683 5492 1974 5555 continuo
2016 5492 2364 5555 ieiunantes
2403 5491 2853 5554 hebdomadam
2892 5492 3353 5558 sustinuissent.
