4642 6650
1144 799 1281 845 XXX
2400 797 2765 845 PRAEFATIO

1141 1018 1816 1094 constitutionibus
1853 1018 2257 1093 Theodosii
2295 1040 2497 1093 anno
2540 1019 2716 1111 381,
2753 1021 2832 1094 et
2872 1019 3023 1092 383
3056 1010 3101 1112 ¹,
3140 1042 3298 1093 una
3334 1041 3508 1094 oum
3544 985 4009 1095 manichaeis

1141 1164 1455 1237 fuerunt
1493 1163 1861 1254 damnati,
1902 1167 2165 1238 tamen
2224 1164 2302 1237 in
2358 1164 2750 1239 Palestina
2805 1167 3074 1260 postea
3113 1163 3404 1239 diutiu‘s
3440 1165 3833 1256 mansisse,
3871 1189 4012 1262 pu·

1139 1308 1354 1384 blicis
1426 1309 1662 1384 etiam
1736 1308 2416 1404 supplicationibus
2499 1331 2577 1384 se
2652 1308 2954 1406 prodire
3025 1333 3180 1384 non
3254 1302 3796 1427 dubitabant&
3863 1282 4028 1385 Eos·

1139 1453 1339 1527 enim
1394 1453 1888 1528 veneratione
1944 1452 2355 1549 Peregrina
2419 1456 2824 1543 memorat,
2883 1452 3088 1549 quod
3146 1468 3498 1528 veremur
3551 1475 3648 1529 33
3711 1452 4014 1527 factura

1136 1595 1430 1686 fuisset,
1487 1595 1554 1669 si
1589 1597 1668 1670 in
1705 1618 1831 1671 eos
1888 1595 2281 1669 damnatio
2338 1595 2595 1691 legum
2650 1596 2814 1670 lata
2868 1596 2990 1671 vel
3047 1596 3355 1692 cognita
3410 1599 3631 1672 esset.
3690 1589 4008 1671 Utcum-

1138 1761 1285 1835 que
1312 1739 1500 1814 11333
1528 1761 1646 1814 res
1674 1760 1754 1814 33
1782 1738 2088 1829 11311331,
2120 1744 2292 1814 eam
2329 1738 2671 1835 profecto
2712 1741 3182 1815 vetustatem
3221 1740 3446 1835 sapit,
3479 1741 3568 1812 ut
3606 1738 4009 1828 Theodosii

1139 1885 1480 1958 aetatem
1538 1883 1844 1958 omnino
1901 1886 2235 1980 nequeat
2287 1885 2730 1980 praeterire.
3389 1878 3398 1885 ’

1300 2028 1509 2114 Quae
1566 2028 1721 2102 alia
1774 2029 2073 2103 minora
2110 2051 2271 2104 esse
2308 2029 2671 2104 videntur
2709 2028 2808 2103 ad
2845 2050 3004 2104 rem
3043 2027 3548 2124 respicientia,
3587 2051 3741 2104 non
3780 2029 4007 2104 omit·

1136 2172 1321 2245 tam.
1383 2169 1578 2256 Quid
1634 2170 1728 2246 de
1784 2170 2182 2267 disciplina
2238 2171 2550 2245 archani
2607 2169 2955 2262 referam,
3013 2192 3209 2266 quae
3264 2173 3437 2244 tum
3490 2170 3876 2262 manebat,
3919 2176 4009 2247 ut

1136 2318 1574 2390 sacrosanta
1632 2317 1999 2414 mysteria
2054 2316 2310 2412 palam
2365 2339 2520 2390 non
2582 2308 3124 2391 traderentur?
3161 2306 3189 2350 ³
3242 2314 3610 2390 Ecclesias
3673 2314 4010 2390 hieroso-

1136 2460 1572 2558 lymitanaS,
1629 2461 1774 2535 nisi
1830 2482 2026 2557 quae
2081 2484 2129 2534 3
2185 2459 2689 2535 Constantino
2746 2460 3068 2536 fuerunt
3121 2459 3462 2534 maximo
3530 2459 3746 2533 cultu
3801 2458 4005 2533 aedi·

1139 2603 1435 2696 ficatae,
1491 2604 1905 2702 Peregrina
1980 2609 2550 2698 commemorat,
2607 2609 2841 2702 negat
2897 2627 3025 2680 eas
3079 2605 3381 2697 vidisse,
3440 2628 3630 2701 quas
3691 2604 4007 2679 ineunte

1137 2748 1440 2823 saeculo
1498 2748 1767 2845 quinto
1806 2772 1864 2824 3.
1903 2750 2192 2823 Mariae
2227 2752 2308 2823 et
2352 2773 2410 2823 3.
2454 2748 2839 2846 Stephano
2877 2749 3169 2824 dicatas
3217 2771 3376 2824 esse
3413 2749 3714 2824 scimus,
3755 2748 4005 2835 Quum

1137 2893 1527 2989 episcopus
1583 2893 2305 2992 hierosolymitanus
2365 2894 2647 2990 populo
2689 2915 2867 2967 suas
2906 2893 3331 2969 catecheses
3369 2892 3823 2990 peritissime
3878 2914 4005 2968 ex-

1134 3038 1477 3133 plicaret,
1508 3037 1918 3134 3113333ᾶο
1948 3038 2280 3112 maximo
2312 3037 2792 3112 audientium
2824 3037 3098 3134 plausu
3127 3039 3486 3132 exceptus
3517 3040 3723 3111 erat:
3751 3056 4005 3110 nonne

1133 3181 1288 3272 ille,
1346 3181 1479 3277 qui
1533 3181 2049 3256 adclamantes
2123 3182 2559 3278 exprobrat,
2628 3204 2970 3256 sum-mus
3044 3164 3421 3280 cyrillus‘i
3458 3175 3485 3217 ⁴
3541 3179 3682 3255 Cui
3735 3200 4005 3276 graeca

1137 3325 1484 3402 oratione
1559 3325 1811 3401 utenti
1884 3328 2342 3421 interpretes
2414 3328 2659 3418 erant,
2717 3325 2848 3422 qui
2917 3324 3082 3422 ejus
3138 3325 3372 3400 verba
3444 3323 3639 3423 syris
3713 3321 4005 3420 syriace

1133 3467 1399 3542 latinis
1471 3470 1714 3544 latine
1785 3469 2261 3545 referebant:
2341 3470 2543 3567 quod
2616 3469 2850 3545 etiam
2908 3492 2956 3543 a
3010 3493 3068 3544 s.
3126 3468 3574 3566 Epiphanio,
3647 3467 3780 3564 qui
3834 3469 4004 3540 tum

1134 3609 1704 3708 Hierosolymas
1759 3612 2106 3704 incoluit,
2145 3613 2526 3688 traditum
2563 3616 2705 3687 est.
2736 3603 2764 3646 ⁵
2798 3612 3146 3688 Italicam
3189 3634 3576 3687 sacrorum
3631 3610 4003 3685 librorum

1134 3753 1581 3847 versionem,
1638 3776 1834 3851 quae
1907 3778 2000 3831 ex
2053 3778 2327 3852 graeca
2399 3755 2787 3847 manabat,
2853 3779 3087 3829 manu
3162 3756 3568 3851 animoque
3640 3753 4001 3829 versabat

1135 3895 1581 3992 Peregrina:
1651 3897 2013 3988 nondum,
2095 3898 2401 3974 credere
2467 3898 2582 3973 fas
2638 3899 2778 3990 est,
2853 3898 3436 3997 hieronymiana
3512 3896 3999 3994 vulgabatur.

1134 4039 1331 4116 Acta
1384 4064 1444 4115 3.
1502 4041 1837 4118 Thomae
1893 4042 2243 4139 apostoli,
2296 4047 2381 4118 et
2436 4066 2492 4116 3.
2532 4043 2852 4119 Theclae
2907 4042 3494 4146 protomartyris
3534 4063 3622 4117 eo
3661 4044 4003 4137 temporo

1131 4185 1211 4259 in
1266 4186 1595 4261 ecclesiis
1650 4187 1925 4263 devote
1978 4188 2433 4284 legebantur
2469 4182 2517 4279 ⁶,
2556 4210 2753 4284 quae
2807 4189 3037 4286 paulo
3092 4192 3266 4284 post
3322 4188 3522 4262 inter
3560 4185 3999 4282 apographa

1132 4329 1416 4406 reiecta
1470 4334 1678 4406 sunt.

1294 4714 1312 4751 ¹
1357 4714 1504 4777 cod.
1548 4715 1779 4778 Theod.
1822 4717 1922 4777 tit.
1962 4717 2034 4778 11
2072 4716 2113 4778 l.
2160 4719 2195 4776 7
2237 4725 2301 4779 et
2348 4720 2440 4779 11.
2486 4718 2547 4779 S.
2593 4718 2943 4799 Epiphanii,
2985 4720 3081 4783 De
3121 4719 3489 4783 haeresibus
3530 4740 3582 4782 c.
3629 4721 3727 4782 15.
3766 4719 3828 4781 S.
3872 4720 3994 4781 Au·

1131 4821 1298 4893 gust.
1339 4816 1437 4876 De
1477 4814 1717 4878 haeres.
1760 4837 1812 4878 c.
1854 4819 1953 4878 40.

1291 4911 1315 4947 ²
1356 4914 1454 4974 De
1495 4912 1828 4976 Theodosii
1870 4915 1936 4975 in
1975 4915 2325 4979 haereticos
2366 4917 2915 4980 constitutionibus
2975 4918 3134 4980 bene
3197 4917 3561 4979 observavit
3623 4918 4000 4980 Sozomenus

1134 5011 1328 5091 (Hist.
1371 5012 1413 5073 l.
1455 5012 1587 5073 VH
1625 5033 1676 5074 3.
1724 5015 1845 5096 12),
1887 5015 2051 5093 33οᾶ
2092 5036 2316 5094 graves
2357 5036 2594 5096 poenae
2635 5018 2714 5079 ab
2756 5036 2828 5080 30
2869 5016 3247 5097 propositae,
3277 5037 3402 5079 303
3426 5025 3499 5079 31
3526 5023 3995 5096 exequerentur,

1132 5110 1246 5170 sed
1286 5110 1366 5171 ad
1407 5119 1635 5173 metum
1676 5119 1916 5174 tantum
1956 5114 2515 5193 promulgarentur,
2557 5123 2630 5177 ut
2672 5135 2779 5177 eos
2822 5115 2902 5177 ad
2941 5114 3309 5177 catholicam
3348 5115 3532 5178 fidem
3572 5122 3909 5179 revocaret.

1289 5208 1315 5244 ³
1356 5210 1611 5291 Peregr.
1652 5232 1713 5291 p.
1760 5212 1875 5273 107
1921 5233 1953 5271 ‹
1978 5212 2121 5290 qnia
2159 5213 2359 5276 adhuc
2398 5212 2807 5276 cathecumini
2838 5214 3012 5295 estis,
3041 5214 3322 5278 misteria
3357 5216 3481 5277 Dei
3509 5216 3847 5278 secretiora
3872 5214 3997 5277 dici

1132 5308 1312 5370 vobis
1351 5329 1475 5370 303
1514 5318 1796 5388 possunt.
1823 5334 1855 5370 ›

1290 5409 1316 5444 ⁴
1356 5407 1609 5487 Peregr.
1651 5429 1711 5489 p.
1758 5411 1893 5487 107,
1935 5431 1994 5472 3.
2031 5412 2089 5472 4.
2627 5479 2628 5482 Ἴ

1293 5506 1318 5541 ⁵
1358 5507 1613 5587 Peregr.
1653 5530 1715 5589 p.
1760 5510 1895 5588 107,
1937 5510 2242 5590 Epiphan.
2285 5511 2605 5591 Expositio
2648 5511 2796 5575 fidei
2837 5532 2897 5574 3.
2940 5514 3036 5575 21.

1290 5606 1316 5642 ⁶
1355 5606 1611 5688 Peregr.
1652 5630 1712 5688 p.
1755 5610 1853 5688 64,
1896 5616 1962 5672 31
2004 5609 2101 5671 74.
