4642 6650
1270 764 1339 808 11.
1385 763 1476 808 DE
1520 761 1572 807 S.
1620 760 1873 806 mLARII
1918 759 2273 807 MYSTERHS
2315 761 2404 807 m·
2450 759 2702 806 finnus
3307 753 3430 804 xlx

556 977 677 1053 his
730 979 981 1056 verbis
1009 971 1070 1055 ⁴:
1134 986 1170 1018 '“
1209 980 1502 1056 Audiat
1556 982 1847 1057 orantis
1905 982 2165 1078 populi
2223 983 2640 1058 consistens
2698 981 2867 1077 quis
2924 982 3145 1055 extra
3200 976 3435 1053 eccle·

570 1178 601 1211 ,,
639 1122 833 1199 siam
887 1148 1175 1219 vocem,
1232 1129 1526 1223 spectet
1572 1127 1944 1203 celebrem
1982 1127 2446 1223 hymnorum
2487 1127 2847 1215 sonitum,
2885 1127 2965 1201 et
3002 1125 3203 1198 inter
3242 1121 3436 1196 divi-

572 1320 604 1353 „
643 1286 918 1340 norum
974 1287 1277 1364 quoque
1317 1270 1970 1343 sacramentorum
2011 1267 2252 1342 officia
2291 1267 2858 1363 responsionem
2897 1265 3222 1341 devotae
3258 1285 3433 1339 con-

568 1461 604 1495 „
640 1406 993 1483 fessionis
1047 1410 1397 1507 accipiat.
1458 1410 1785 1486 Necesse
1841 1413 1960 1485 est
2015 1409 2286 1485 terreri
2344 1431 2646 1484 omnem
2724 1408 3281 1497 adversantem,
3357 1407 3438 1480 et

571 1607 603 1640 „
639 1551 914 1627 bellari
964 1552 1330 1629 adversus
1386 1554 1801 1645 diabolum,
1862 1554 2215 1649 vincique
2270 1552 2848 1628 resurrectionis
2895 1550 3044 1626 fide
3082 1554 3433 1641 mortem,

572 1752 604 1785 „
640 1697 785 1771 tali
839 1698 1262 1774 exultantis
1317 1698 1523 1776 vocis
1572 1702 1911 1789 nostrae,
1971 1701 2063 1772 ut
2118 1698 2426 1773 ‘dictum
2508 1699 2647 1789 est,
2723 1697 2974 1792 jubilo
3012 1752 3077 1783 „.
3161 1695 3437 1791 Itaque
3535 1674 3546 1759 ζ

559 1837 886 1934 hymnos
941 1838 1022 1913 in
1081 1839 1471 1915 diabolum
1526 1843 1607 1915 et
1661 1842 1741 1915 in
1797 1842 2123 1916 mortem
2180 1863 2417 1936 quum
2471 1839 2817 1914 Hilarius
2865 1839 3059 1914 haec
3099 1837 3437 1913 scribens

557 1983 1037 2081 respexisset,
1092 2007 1247 2060 non
1302 1985 1526 2061 modo
1582 1986 1942 2061 certiores
1995 2007 2134 2059 nos
2188 1984 2379 2059 facit
2435 1983 2742 2059 eosdem
2781 1982 3110 2058 inclusos
3163 2004 3301 2057 suo
3358 1980 3437 2054 in

562 2122 758 2199 libro
794 2123 1052 2218 fuisse,
1091 2147 1360 2202 verum
1400 2126 1618 2201 nobis
1655 2126 1889 2200 etiam
1932 2126 2274 2201 ostendit
2312 2126 2533 2199 illum
2574 2125 2984 2222 neophitae
3024 2123 3169 2198 sibi
3207 2122 3440 2197 fuisse

562 2268 897 2343 maxime
949 2289 1235 2343 carum.
1295 2266 1539 2356 Quam
1594 2270 1689 2344 ob
1746 2291 1907 2344 rem
1964 2291 2102 2343 nos
2156 2267 2432 2343 adduci
2487 2268 2825 2342 fatemur
2878 2268 2971 2341 ut
3007 2267 3176 2342 iure
3214 2264 3434 2338 dubi-

563 2413 839 2504 temuS,
896 2412 1273 2509 hymnum
1327 2434 1486 2489 esse
1523 2436 1583 2488 s.
1633 2413 2068 2488 Florentiae
2122 2412 2221 2487 ad
2275 2411 2502 2487 fidem
2558 2411 2961 2487 catolicam
2999 2411 3097 2485 ab
3135 2432 3224 2486 eo
3263 2431 3437 2485 con·

565 2578 831 2634 versae
885 2558 1412 2634 tribuendum.
1472 2558 1946 2633 Fortunatus
2001 2558 2081 2631 in
2137 2558 2305 2635 vita
2360 2581 2419 2632 S.
2478 2557 2756 2632 Hilarii
2810 2579 2950 2631 nos
2996 2557 3216 2632 docet
3268 2555 3438 2629 Flo·

562 2700 894 2775 rentiam
929 2701 1266 2798 puellam
1294 2670 1684 2797 gentilem,
1718 2702 1848 2775 ubi
1875 2703 2226 2776 sanctum
2255 2701 2689 2797 episcopum
2738 2722 2971 2796 prope
3010 2698 3437 2774 Seleuciam
3553 2752 3559 2756 -

563 2847 1098 2920 transeuntem
1127 2846 1347 2936 vidit,
1387 2868 1572 2922 voce
1610 2868 1890 2942 magna
1928 2868 2232 2921 servum
2264 2844 2404 2920 Dei
2434 2845 2617 2919 illuc
2646 2844 3040 2920 advenisse
3065 2846 3436 2919 testatam

566 3007 753 3077 esse,
810 3008 1140 3084 moxque
1196 2987 1294 3062 ad
1350 2989 1515 3063 eius
1571 2987 1798 3085 pedes
1852 2988 2364 3084 procubuisse.
2428 2970 2668 3075 Quam
2714 2987 3186 3062 Florentiam
3223 2988 3445 3082 pater

566 3131 647 3204 et
698 3131 977 3204 cuncta
1032 3130 1336 3205 familia
1380 3134 1649 3227 postea
1701 3132 2010 3226 sequuti
2064 3132 2270 3221 sunt,
2329 3132 2564 3226 atque
2619 3129 2699 3202 in
2754 3129 3067 3205 nomine
3136 3126 3444 3202 Domini

567 3275 1018 3349 meruerunt
1070 3272 1488 3369 baptizari:
1583 3278 1614 3309 ‘⁴
1663 3272 2078 3366 Florentia,
2166 3276 2259 3348 ut
2314 3273 2727 3348 Fortunati
2783 3274 3033 3349 verbis
3104 3274 3442 3363 utamur,

574 3422 608 3453 ⁸
646 3416 933 3492 relictis
986 3418 1434 3513 parentibus
1491 3418 1835 3514 vestigiis
1893 3419 2058 3493 eius
2112 3418 2516 3493 inhaerens
2574 3439 2814 3513 usque
2868 3417 3222 3493 Pictavos
3276 3438 3441 3513 per-

579 3619 610 3650 „
646 3561 880 3637 ducta
934 3565 1077 3636 est.
1142 3563 1448 3638 Patrem
1505 3585 1687 3638 vero
1743 3585 1822 3638 se
1896 3564 2200 3654 habere,
2274 3585 2429 3636 non
2510 3585 2556 3636 a
2633 3584 2784 3657 quo
2857 3566 3224 3659 generata
3299 3565 3443 3654 est,

579 3764 611 3796 „
648 3705 780 3781 sed
833 3727 970 3803 per
1022 3728 1252 3802 quem
1307 3710 1762 3803 regenerata
1819 3710 1960 3797 est,
2021 3706 2513 3803 praedicabat
2558 3762 2624 3794 „.
2684 3705 2765 3779 Si
2818 3728 2997 3802 ergo
3053 3704 3445 3781 Florentia

567 3846 952 3922 Hilarium
1009 3851 1100 3922 ut
1154 3851 1479 3944 patrem,
1539 3849 1667 3923 ille
1724 3870 1895 3924 eam
1951 3852 2045 3922 ut
2092 3847 2355 3939 filiam,
2393 3849 2748 3944 respexit,
2786 3847 3152 3944 peculiari
3188 3847 3443 3922 studio

570 3991 923 4087 aptisque
978 3992 1242 4068 officiis
1299 3993 1528 4090 digna
1585 3997 1755 4067 tum
1813 3994 1961 4068 fide
2016 3999 2097 4070 et
2150 3995 2442 4090 pietate
2496 3996 2668 4066 tum
2740 3992 3027 4089 ingenii
3099 3991 3446 4084 acumine

568 4156 868 4208 summo
924 4135 1092 4210 viro
1151 4137 1409 4232 procul
1469 4136 1700 4210 dubio
1757 4137 1923 4211 visa
1979 4138 2118 4211 est.
2179 4136 2411 4210 Cuius
2464 4135 2636 4231 piae
2691 4135 3070 4210 foeminae
3151 4151 3445 4231 corpus,

568 4279 703 4353 ubi
756 4301 801 4354 e
854 4279 1022 4354 vita
1075 4269 1464 4375 migravit,
1523 4280 1619 4353 ab
1675 4280 1837 4377 ipso
1892 4279 2187 4354 Hilario
2228 4280 2669 4374 sepulturae
2711 4279 3159 4353 mandatum
3200 4263 3320 4352 est
3355 4299 3445 4352 eo

569 4424 649 4497 in
703 4424 895 4516 loc0,
952 4424 1084 4519 qui
1139 4447 1341 4502 nunc
1397 4424 1678 4499 dicitur
1739 4422 2004 4499 Gomble
2039 4419 2088 4498 ⁵.
2149 4424 2358 4511 Quae
2444 4423 2701 4498 omnia
2782 4423 3121 4518 apprime
3176 4444 3445 4497 conve-

563 4549 821 4659 niunt,
877 4569 970 4641 ut
1023 4588 1193 4643 eam
1249 4568 1646 4665 hymnum,
1704 4568 1785 4640 in
1840 4591 1990 4664 quo
2048 4591 2268 4642 suam
2306 4568 2403 4641 ad
2443 4567 2831 4642 Christum
2869 4566 3440 4643 conversionem

569 4708 887 4800 fatetur,
926 4712 1406 4806 mortemque
1443 4708 1590 4783 fide
1624 4709 2200 4784 resurrectionis
2238 4708 2574 4784 deletam
2617 4709 3122 4805 persequitur,
3154 4707 3447 4782 Hilario

570 4853 1062 4949 praeceptore
1117 4851 1498 4948 scripsisse
1552 4854 2014 4926 statuamus,

736 5130 754 5167 ¹
786 5132 1058 5195 Tractat.
1100 5130 1165 5193 in
1205 5131 1438 5194 Psalm.
1480 5132 1682 5195 LXV.

729 5231 753 5267 ²
780 5231 1010 5312 Labbe,
1053 5233 1217 5296 Bibl.
1260 5234 1568 5296 Manusor.
1609 5240 1656 5295 t.
1699 5233 1807 5310 H,·
1829 5253 1889 5313 p.
1935 5234 2053 5295 732
2092 5231 2159 5294 in
2190 5231 2605 5312 ‘Miscellanea
2643 5232 2878 5295 Rerum
2919 5231 3387 5311 Aquitanarum.
