4642 6650
1218 735 1304 802 36
2205 755 2260 799 s.
2308 754 2571 800 susm:
2616 753 3110 801 Pennemnxmo

1210 964 1356 1069 ipsi
1410 973 1796 1066 dicebant)
1835 974 1915 1047 in
1953 974 2180 1069 longo
2208 974 2424 1048 milia
2460 997 2719 1071 passos
2755 975 3082 1049 forsitan
3120 976 3472 1067 sedecim,
3511 977 3592 1066 in
3620 978 3782 1051 lato
3831 980 4095 1050 autem

1212 1102 1585 1195 quattuor
1621 1099 1834 1172 milia
1870 1122 2032 1174 esse
2070 1100 2581 1196 appellabant.
2624 1101 2873 1196 Ipsam
2916 1123 3095 1197 ergo
3153 1102 3442 1177 vallem
3481 1127 3619 1178 nos
3665 1106 4100 1179 traversam

1211 1226 1704 1316 habebamus,
1761 1228 1854 1299 ut
1905 1227 2278 1322 possimus
2336 1230 2678 1301 montem
2735 1228 3056 1323 ingredi.
3116 1228 3328 1303 Haec
3384 1232 3502 1303 est
3559 1233 3822 1305 autem
3875 1231 4100 1305 vallis

1212 1352 1475 1447 ingens
1532 1356 1612 1428 et
1648 1353 2110 1448 planissima,
2158 1354 2233 1425 in
2273 1376 2428 1448 qua
2467 1353 2601 1426 filii
2642 1353 2883 1428 Israel
2921 1356 3370 1428 commorati
3409 1358 3591 1430 sunt
3639 1357 3759 1430 his
3807 1357 4097 1447 diebus,

1215 1469 1552 1574 quando¹
1609 1480 1918 1551 sanctus
1972 1478 2272 1573 Moyses
2337 1479 2681 1553 ascendit
2739 1480 2820 1552 in
2874 1483 3216 1554 montem
3273 1479 3604 1571 Domini,
3653 1484 3735 1556 et
3785 1480 3939 1554 fuit
3993 1482 4101 1555 ibi

1216 1602 1729 1699 quadraginta
1766 1602 2029 1676 diebus
2069 1606 2149 1676 et
2185 1582 2698 1699 quadraginta
2732 1603 3115 1679 noctibus
3157 1603 3366 1679 Haec
3400 1608 3519 1680 est
3555 1609 3819 1680 autem
3848 1607 4098 1696 vallis,

1214 1729 1295 1801 in
1335 1752 1487 1824 qua
1512 1727 1764 1802 factus
1800 1730 1919 1802 est
1953 1728 2282 1802 vitulus:
2325 1730 2457 1824 qui
2495 1729 2705 1803 locus
2748 1751 2988 1824 usque
3030 1730 3111 1803 in
3148 1730 3374 1804 hodie
3416 1723 4099 1805 ostenditurznam

1213 1853 1406 1950 lapis
1461 1852 1771 1948 grandis
1825 1852 1933 1925 ibi
1988 1852 2182 1926 fixus
2237 1856 2398 1927 stat
2435 1854 2516 1927 in
2573 1855 2733 1950 ipso
2771 1856 2960 1928 locO.
3002 1854 3217 1930 Haec
3254 1878 3433 1952 ergo
3473 1856 3697 1930 vallis
3734 1857 3900 1951 ipsa
3957 1859 4099 1947 est,

1214 1980 1294 2052 in
1349 1979 1564 2053 cuius
1619 1979 1867 2074 capite
1921 1979 2053 2053 ille
2120 1980 2332 2054 locus
2389 1983 2529 2071 est,
2587 1968 2719 2054 ubi
2774 1983 3085 2055 sanctus
3139 1982 3462 2079 MoyseS,
3522 2004 3696 2056 cum
3750 1985 4098 2077 pasceret
4191 2032 4218 2053 .

1210 2127 1483 2202 pecora
1538 2104 1776 2179 soceri
1812 2104 1956 2195 sui,
2004 2104 2286 2178 iterum
2324 2106 2628 2180 locutus
2670 2110 2788 2180 est
2828 2106 2901 2179 ei
2938 2106 3145 2180 Deus
3182 2107 3275 2187 de
3310 2107 3504 2180 rubo
3544 2107 3623 2180 in
3683 2107 3858 2203 igne
3897 2100 3945 2181 ².
4000 2107 4101 2180 Et

1213 2231 1576 2326 quoniam
1612 2228 1829 2303 nobis
1865 2228 1980 2302 ita
2018 2231 2185 2302 erat
2220 2228 2397 2319 iter,
2428 2231 2520 2302 ut
2547 2229 2757 2324 prius
2796 2232 3137 2304 montem
3164 2228 3306 2304 Dei
3338 2230 3936 2321 ascenderemus,
3970 2229 4102 2325 qui

1210 2356 1385 2430 hinc
1408 2356 1664 2453 paret,
1705 2354 1906 2427 unde
1952 2354 2437 2429 veniebamus
2469 2355 2736 2430 melior
2768 2377 3118 2430 ascensus
3157 2359 3365 2430 erat:
3400 2359 3481 2431 et
3509 2357 3691 2431 illuc
3720 2356 3971 2431 denuo
4004 2355 4102 2429 ad

1212 2481 1405 2555 illud
1434 2483 1666 2575 caput
1698 2479 1915 2555 vallis
1933 2479 2579 2569 descenderemus,
2600 2479 2674 2552 id
2696 2483 2815 2554 est
2843 2480 2976 2554 ubi
3005 2481 3240 2555 rubus
3268 2485 3458 2572 erat,
3476 2483 3657 2578 quia
3674 2481 3944 2555 melior
3976 2481 4100 2556 de-

1216 2626 1520 2679 scensus
1540 2606 1821 2678 montis
1842 2600 1985 2678 Dei
2005 2605 2237 2679 erat⁸.
2263 2603 2449 2679 Inde
2479 2605 2758 2700 itaque'
2773 2608 2855 2680 et
2883 2606 3024 2680 hoc
3051 2605 3365 2700 placuit,
3399 2609 3491 2679 ut
3515 2606 3701 2681 visis
3730 2605 4102 2697 omnibuS,

1218 2752 1413 2826 quae
1451 2729 2088 2829 desiderabamus,
2130 2729 2669 2804 descendentes
2707 2754 2755 2804 a
2793 2734 3056 2806 monte
3093 2731 3259 2823 Dei,
3293 2732 3427 2806 ubi
3466 2735 3586 2805 est
3614 2731 3853 2805 rubus
3893 2731 4102 2806 veni-

1216 2879 1510 2932 remus:
1542 2859 1622 2932 et
1658 2856 1834 2931 inde
1868 2860 2124 2930 totum
2164 2879 2299 2951 per
2336 2857 2666 2931 mediam
2701 2858 2983 2933 vallem
3017 2858 3286 2953 ipsam,
3322 2881 3476 2955 qua
3505 2859 3710 2934 iacet
3745 2860 3827 2933 in
3853 2859 4104 2955 longe,

1215 2981 1635 3056 rediremus
1671 2981 1771 3055 ad
1810 2981 1960 3056 iter
1997 3002 2171 3055 cum
2209 2981 2646 3055 hominibus
2683 2980 2850 3072 Dei,
2908 2981 3039 3076 qui
3068 2981 3287 3055 nobis
3336 2982 3637 3078 singula
3675 2983 3864 3073 loca,
3903 3006 4103 3079 quae

1215 3106 1499 3202 scripta
1519 3109 1723 3198 sunt,
1745 3128 1879 3201 per
1907 3107 2149 3202 ipsam
2173 3106 2455 3181 vallem
2485 3105 3019 3197 ostendebant,
3043 3106 3242 3180 sicut
3270 3108 3351 3181 et
3377 3104 3673 3181 factum
3697 3111 3839 3181 est.
3861 3107 4101 3182 Nobis

1216 3254 1395 3329 ergo
1428 3233 1789 3307 euntibus
1818 3232 1915 3307 ab
1940 3254 2029 3307 eo
2058 3232 2250 3322 1000,
2274 3233 2407 3306 ubi
2438 3231 2829 3307 venientes
2852 3256 2898 3306 a
2918 3232 3166 3306 Faran
3195 3232 3627 3307 feceramus
3657 3233 4106 3325 orationem,

1215 3360 1368 3434 iter
1425 3362 1529 3435 sic
1585 3360 1759 3450 fuit,
1793 3362 1884 3432 ut
1936 3382 2072 3455 per
2123 3359 2465 3432 medium
2519 3362 3212 3434 transversaremus
3270 3363 3505 3454 caput
3558 3359 3793 3455 ipsius
3850 3360 4098 3451 vallis,

1218 3487 1300 3560 et
1354 3485 1458 3559 sic
1510 3485 1983 3581 plecaremus
2035 3507 2175 3558 nos
2230 3484 2330 3557 ad
2385 3486 2726 3558 montem
2763 3484 2928 3558 Dei.
2967 3483 3184 3557 Mons
3225 3485 3489 3559 autem
3542 3484 3704 3580 ipse
3747 3504 3885 3579 per
3938 3485 4104 3579 giro

1225 3610 1530 3705 quidem
1610 3633 1810 3683 unus
1883 3631 2043 3684 esse
2115 3608 2464 3697 videtur3
2539 3610 2689 3683 iter
2752 3611 3015 3683 autem
3069 3608 3273 3704 quod
3335 3608 3775 3705 ingrederis,
3843 3608 4104 3703 plures

1219 3739 1424 3827 sunt,
1498 3734 1627 3810 sed
1701 3738 1960 3809 totum
2024 3758 2242 3810 mons
2296 3736 2442 3808 Dei
2513 3735 2968 3830 appellatur,
3043 3734 3386 3830 specialis
3462 3738 3726 3810 autem
3801 3734 3954 3826 ille,
4020 3735 4103 3808 in

1219 4051 1519 4111 sermone,
1564 4031 1667 4109 qui
1709 4051 1846 4094 eam
1888 4031 2360 4112 comitabantur)
2398 4031 2475 4093 de
2504 4037 2637 4093 tota
2662 4031 2825 4094 valle
2852 4030 3140 4093 sinaitica
3167 4031 3401 4092 duabus
3444 4029 3752 4109 contiguis
3783 4029 4111 4091 coniuncta

1219 4129 1485 4191 vallibus
1517 4129 2069 4212 (Quadi-el-Ledja,
2105 4139 2162 4191 et
2195 4120 2680 4212 Ouadi-el-Deir)
2701 4153 2720 4190 .-
2748 4130 2873 4192 nisi
2901 4130 3185 4191 malimus
3216 4149 3352 4190 eam
3372 4129 3597 4190 vallem
3631 4127 4106 4207 pulcherrimam

1218 4228 1321 4289 hic
1358 4228 1702 4305 memorari,
1756 4248 1913 4306 quae
1970 4229 2286 4289 civitatem
2348 4228 2553 4289 Faran
2595 4235 2660 4289 et
2714 4229 2941 4290 vallem
2994 4228 3316 4288 ez-Rahah
3354 4225 3699 4304 interiacet,
3742 4226 3843 4287 eui
3881 4245 4106 4286 nomen

1219 4333 1320 4388 est
1366 4326 1863 4401 Quadi-stiram
1895 4346 2171 4405 quaeque
2212 4326 2279 4386 in
2320 4325 2773 4405 longitudinem
2811 4346 3007 4405 usque
3049 4325 3131 4386 ad
3169 4324 3380 4385 kilom.
3409 4325 3635 4403 viginti
3676 4324 3811 4386 sive
3853 4324 3932 4385 ad
3973 4325 4106 4384 mil·

1218 4426 1304 4487 lia
1342 4445 1591 4486 romana
1630 4425 1943 4487 sexdecim
2004 4425 2253 4487 circiter
2304 4424 2564 4504 produci
2606 4425 2983 4503 perhibetur.
3043 4424 3247 4497 Quum
3302 4422 3579 4503 profecto
3633 4424 3845 4484 ambas
3888 4422 4106 4484 eadem

1218 4522 1321 4584 die
1362 4523 1703 4601 Peregrina
1740 4523 2111 4603 traiecisset,
2152 4523 2467 4602 possimus
2494 4543 2574 4584 ne
2601 4522 2824 4600 vereri,
2867 4542 2953 4594 ne,
2997 4521 3296 4601 quaedam
3337 4521 3605 4582 animum
3647 4520 3781 4582 eius
3832 4520 4107 4581 subisset

1220 4619 1520 4700 confusi0‚
1560 4629 1766 4683 utrum
1804 4622 1871 4683 in
1913 4622 2237 4684 scribendo
2278 4622 2540 4683 alteram
2579 4641 2690 4700 pro
2721 4622 2918 4683 altera
2957 4620 3121 4682 valle
3175 4618 3584 4698 commutarit,
3628 4639 3708 4679 an
3749 4638 3826 4681 ex
3865 4618 4103 4679 duabus

1220 4718 1443 4782 fecerit
1482 4723 1709 4783 unam?
1832 4717 1839 4722 ’

1386 4818 1405 4853 ¹
1443 4821 1583 4891 Qua
1623 4841 1735 4901 pro
1777 4823 2024 4898 quando
2065 4820 2301 4898 passim
2343 4819 2636 4882 scribitur
2675 4819 2742 4879 in
2782 4818 3013 4881 codice.

1380 4919 1405 4955 ²
1431 4919 1936 4997 Rubus‘ardens,
1979 4937 2159 4995 quem
2198 4919 2364 4980 vidit
2401 4918 2655 4997 Moises‚
2699 4939 2773 4979 eo
2812 4918 2878 4978 in
2919 4918 3052 4982 loco
3095 4923 3211 4994 est,
3240 4915 3348 4976 ubi
3385 4913 3826 4977 monasterium
3853 4920 4108 4976 sanetae

1224 5018 1593 5082 Catharinae
1634 5018 1907 5080 dicatum
1949 5018 2136 5080 etiam
2174 5038 2335 5078 nunc
2364 5039 2402 5079 a
2427 5017 2773 5096 peregrinis
2814 5016 3180 5077 celebratur.
3223 5013 3428 5088 Quum
3455 5013 3562 5075 ille
3592 5013 3660 5073 in
3687 5012 3891 5091 eapite
3920 5011 4106 5073 vallis

1221 5125 1487 5196 notetur,
1527 5116 1973 5195 intelligendus
2013 5116 2192 5177 nobis
2222 5122 2323 5178 est
2349 5116 2416 5176 in
2445 5123 2719 5179 extrema
2745 5116 2910 5177 valle
2936 5101 3259 5175 ez-Raliak
3297 5113 3540 5192 positus
3572 5111 3654 5174 ad
3680 5112 3847 5173 latus
3875 5109 4103 5172 montis

1222 5216 1452 5276 Horeb.

1384 5314 1409 5350 ³
1437 5315 1542 5376 Ad
1581 5314 2032 5395 assequendum
2072 5313 2302 5375 montis
2342 5312 2565 5375 Moisis
2610 5311 3142 5393 (Diebel-Mousa)
3198 5309 3496 5371 verticem
3548 5307 4019 5388 peregrinantes
4070 5324 4107 5366 e

1223 5414 1595 5475 monasterio
1638 5434 1688 5476 s.
1733 5412 2098 5475 Gatharinae
2132 5411 2440 5492 proficisci
2469 5411 2708 5482 solent:
2749 5411 2866 5472 hoc
2894 5410 3017 5471 iter
3044 5409 3230 5471 etiam
3259 5407 3613 5469 Antoninus
3641 5412 3877 5485 martyr
3903 5425 3957 5466 a.
3988 5404 4110 5464 570

1227 5510 1353 5592 (De
1391 5513 1501 5572 loc.
1541 5520 1735 5574 sanct.
1777 5533 1910 5590 cap.
1950 5510 2343 5592 XXXVIII)
2388 5510 2680 5590 suscepit,
2724 5510 2888 5588 quod
2930 5529 2969 5571 a
3005 5514 3219 5570 nostra
3259 5507 3457 5569 satius
3493 5506 3747 5584 eligitur
3784 5505 3852 5566 in
3877 5503 4107 5565 reditu.

1227 5610 1403 5685 Quae
1442 5616 1649 5671 autem
1689 5610 1886 5672 altera
1923 5629 2069 5690 pars
2110 5608 2215 5688 sit,
2256 5629 2378 5687 qua.
2419 5615 2566 5670 tunc
2605 5609 2824 5671 melior
2863 5626 3161 5670 ascensus
3201 5612 3354 5686 erat,
3381 5625 3504 5667 non
3537 5605 3695 5668 bene
3736 5603 4104 5666 declaratur.
