4642 6650
1622 846 1713 898 m:
1761 845 1952 899 Locis
1998 843 2270 899 emeris
2586 907 2592 913 ¹
3249 825 3374 900 117

504 1093 700 1162 mus,
756 1074 877 1146 est
929 1072 1390 1147 fabricatum
1444 1073 1524 1146 in
1597 1073 1846 1149 medio
1885 1073 2196 1169 templi:
2263 1073 2642 1170 templum
2714 1094 2898 1148 vero
2977 1074 3059 1147 in
3130 1071 3381 1148 media

505 1196 822 1273 civitate
876 1202 1147 1273 contra
1202 1200 1663 1295 aquilonem,
1719 1222 1877 1274 non
1911 1200 2140 1295 longe
2178 1223 2225 1273 a
2271 1203 2498 1295 porta
2551 1199 2813 1275 Davit.
2862 1201 3051 1275 Post
3102 1201 3379 1276 Resur-

503 1323 919 1398 rectionem
946 1314 968 1357 ¹
1009 1328 1129 1399 est
1165 1329 1405 1416 ortus,
1453 1326 1534 1399 in
1573 1347 1724 1422 quo
1763 1329 2028 1399 sancta
2065 1325 2310 1399 Maria
2348 1347 2522 1401 cum
2560 1325 2887 1401 Domino
2943 1326 3204 1401 locuta
3238 1327 3376 1400 est.

503 1447 718 1521 Foris
774 1449 1167 1524 ecclesiam
1230 1453 1437 1525 retro
1495 1453 1613 1525 est
1680 1450 2048 1530 medietas
2112 1450 2340 1540 orbis,
2398 1472 2548 1546 quo
2605 1450 2769 1525 loco
2844 1450 3035 1526 dicit
3086 1449 3379 1528 David:

517 1566 943 1669 ‘foperatus
1000 1596 1082 1648 es
1137 1575 1465 1651 salutem
1522 1576 1602 1648 in
1677 1574 1926 1650 medio
1982 1578 2234 1650 terrae
2271 1631 2336 1664 „.
2397 1574 2616 1649 Alius
2688 1575 2928 1650 etiam
3001 1575 3384 1672 propheta

510 1699 693 1775 dicit
718 1691 786 1775 ²:
837 1706 868 1737 “
914 1700 1124 1778 Haec
1161 1702 1347 1778 dicit
1399 1702 1810 1776 Dominus:
1864 1702 2017 1776 ista
2070 1705 2189 1777 est
2243 1702 2698 1794 Jerusalem,
2757 1702 2836 1775 in
2892 1703 3139 1779 medio
3193 1723 3381 1797 gen-

505 1828 704 1901 tium
761 1830 983 1925 posui
1037 1852 1204 1904 eam
1246 1886 1311 1917 „.
1370 1829 1460 1903 In
1515 1828 1899 1926 Golgotha
1954 1832 2217 1904 autem
2272 1832 2391 1904 est
2426 1852 2603 1925 pars
2637 1830 2829 1926 ligni
2869 1828 3385 1925 salutipherae

510 1952 772 2041 cruciS,
811 1953 892 2026 in
948 1977 1102 2049 qua
1156 1952 1496 2028 confixus
1551 1957 1671 2029 est
1726 1954 2125 2044 DominuS,
2182 1956 2263 2027 et
2300 1953 2649 2045 titulum,
2708 1954 2912 2050 quod
2949 1956 3068 2029 est
3103 1951 3386 2048 reposi-

508 2080 679 2151 tum
714 2078 797 2152 in
831 2079 1102 2154 locello
1142 2083 1527 2176 argenteo,
1568 2079 1707 2153 Est
1742 2079 1899 2154 illic
1935 2082 2017 2153 et
2056 2100 2316 2170 cornu,
2361 2079 2563 2153 unde
2609 2079 3096 2175 ungebantur
3148 2099 3385 2173 reges,

509 2206 592 2280 et
645 2205 1020 2279 annulum
1059 2205 1486 2306 Salomonis
1515 2197 1562 2280 3.
1612 2204 1789 2280 Non
1825 2205 2052 2300 longe
2091 2208 2355 2280 autem
2395 2228 2442 2279 a
2478 2205 2895 2281 medietate
2947 2203 3216 2282 mundi
3269 2205 3390 2278 est

509 2352 760 2406 carcer
794 2354 811 2404 ε
866 2331 973 2405 ibi
1029 2354 1210 2407 vero
1249 2334 1367 2406 est
1404 2331 1791 2427 alligatio;
1841 2331 1949 2404 ibi
1984 2352 2219 2427 prope
2255 2334 2338 2405 et
2374 2330 2823 2427 flagellatiO,
2863 2329 3120 2425 ibique
3156 2348 3391 2425 prope

509 2455 743 2550 spinis
798 2457 1214 2548 coronatio,
1257 2456 1364 2530 ibi
1400 2477 1633 2552 prope
1671 2458 1789 2530 est
1826 2454 2284 2551 dispoliatiO,
2325 2458 2407 2530 et
2452 2453 2897 2530 vestimenti
2944 2453 3238 2529 divisio.
3298 2451 3389 2525 In

512 2581 864 2657 Calvaria
917 2586 1205 2674 autem,
1262 2583 1397 2656 ubi
1449 2582 1851 2658 crucifixus
1905 2585 2023 2657 est
2068 2582 2466 2673 Dominus,
2502 2584 2622 2657 est
2675 2604 2892 2656 mons
2950 2581 3251 2672 scissus,
3307 2582 3391 2654 et
3454 2637 3459 2644 .

513 2706 592 2779 in
646 2707 808 2803 ipso
862 2710 1126 2782 monte
1164 2707 1510 2782 Calvarie
1554 2706 1992 2782 ascenditur
2027 2727 2165 2801 per
2202 2706 2483 2802 gradus
2523 2706 2782 2781 decem
2820 2709 2901 2782 et
2954 2709 3272 2802 septem,
3311 2708 3393 2779 et

512 2829 621 2903 ibi
654 2831 992 2926 pendent
1027 2832 1411 2927 lampades
1451 2853 1730 2907 novem
1769 2854 1942 2906 cum
1979 2830 2298 2926 singulis
2336 2830 2607 2927 nappis
2649 2830 3054 2926 argenteis
3105 2828 3393 2904 Subtus

514 2978 694 3032 vero
733 2961 851 3032 est
888 2957 1294 3054 Golgotha,
1330 2958 1460 3031 ubi
1491 2958 1765 3033 cecidit
1801 2958 2110 3053 sanguis
2143 2956 2427 3031 Christi
2462 2978 2691 3052 super
2719 2959 3021 3053 petram
3059 2957 3390 3031 scissam.

675 3084 1146 3175 (Anonymus)
1206 3083 1493 3158 Subtus
1542 3086 1806 3158 autem
1842 3086 2110 3157 monte
2147 3081 2501 3158 Calvarie
2539 3085 2806 3158 contra
2852 3082 3223 3158 orientem
3278 3084 3397 3157 est

514 3210 889 3304 templum
944 3210 1252 3285 Domini
1291 3233 1385 3285 ex
1436 3210 1594 3285 alia
1631 3212 1850 3307 parte
1888 3209 2253 3300 civitatis,
2295 3207 2502 3304 quod
2539 3208 2896 3283 Salomon
2933 3207 3319 3283 edificavit
3341 3198 3392 3280 ⁴.

518 3334 899 3420 Quattuor
951 3338 1211 3432 portas
1286 3335 1542 3427 habet,
1597 3335 1845 3441 prima
1901 3334 1999 3407 ab
2057 3335 2379 3425 oriente,
2437 3333 2770 3409 secunda
2827 3333 2924 3407 ab
2981 3332 3393 3424 occidente,

515 3461 754 3535 tertia
791 3485 838 3534 a
891 3461 1232 3552 meridie,
1285 3464 1564 3557 quarta
1619 3463 1716 3535 ab
1773 3461 2155 3556 aquilone,
2213 3480 2410 3556 quae
2466 3459 2704 3534 habet
2758 3458 3392 3555 significationem

520 3590 891 3681 quattuor
942 3587 1282 3683 partium
1337 3586 1642 3659 mundi:
1683 3584 1777 3661 de
1831 3585 2014 3660 foris
2069 3606 2251 3660 vero
2310 3588 2484 3660 octo
2549 3584 2872 3680 angulos
2928 3583 3204 3673 habet3
3260 3605 3397 3680 per

521 3713 1115 3809 unumquodque
1145 3712 1513 3807 angulum
1553 3711 1949 3787 duodecim
1985 3733 2251 3808 passus
2289 3711 2666 3787 volvitur.
2698 3710 2789 3782 In
2830 3708 3167 3784 medium
3202 3713 3395 3784 tem·

518 3838 627 3933 pli
681 3841 798 3913 est
849 3859 1067 3912 mons
1122 3861 1444 3934 magnus
1499 3837 2011 3913 circumdatus
2074 3836 2525 3933 parietibuS,
2584 3837 2663 3909 in
2722 3858 2872 3931 quo
2941 3836 3396 3910 tabernacu-

519 3964 705 4050 lum,
762 3964 946 4041 illuc
999 3966 1082 4040 et
1135 3986 1311 4039 arca
1365 3963 1820 4039 testamenti
1856 3962 2032 4054 fuit,
2072 3985 2270 4059 quae
2308 3985 2356 4036 a
2396 3961 2860 4057 Vespasiano
2911 3961 3399 4057 imperatore,

522 4223 731 4289 codice
772 4230 1022 4287 servata
1062 4233 1229 4305 sunt,
1266 4242 1710 4304 comparamus.
1741 4222 2121 4296 Quibuscum
2149 4221 2440 4285 convenit
2466 4222 2633 4302 quod
2657 4221 2760 4285 hic
2788 4228 3159 4284 memoratur
3183 4222 3401 4286 hortus

522 4332 663 4404 post
702 4325 1085 4404 Anastasim,
1115 4325 1181 4385 in
1209 4345 1325 4402 quo
1356 4331 1575 4404 postea
1617 4323 1879 4385 ecclesia
1919 4323 1981 4383 S.
2014 4322 2251 4383 Mariae
2302 4322 2571 4383 excitata
2613 4328 2743 4384 est:
2786 4329 2924 4382 tum
2966 4320 3128 4399 quod
3168 4321 3402 4383 dictum

520 4423 812 4484 biblicum
855 4443 889 4485 0
929 4423 1215 4485 versione
1254 4443 1479 4501 graeca
1517 4421 1906 4502 producitur:
1951 4420 2216 4499 denique
2257 4419 2420 4498 quod
2485 4440 2635 4481 crux
2693 4419 2759 4481 in
2818 4420 3040 4481 locello
3102 4427 3398 4499 argenteo

521 4521 829 4583 indicatur
869 4530 935 4583 et
974 4523 1198 4583 titulus
1238 4522 1438 4583 crucis
1479 4528 1544 4583 et
1585 4541 1774 4582 cornu
1818 4527 1883 4581 et
1924 4521 2184 4582 annulus
2228 4520 2592 4581 SalomoniS.

684 4621 703 4657 ¹
744 4622 969 4701 Locus,
1009 4622 1119 4683 ubi
1158 4623 1264 4701 pia
1302 4621 1556 4682 traditio
1595 4619 1838 4683 ferebat
1876 4620 2140 4681 Mariam
2177 4618 2618 4698 Magdalenam
2655 4618 2990 4680 Dominum
3016 4625 3161 4698 post
3186 4639 3403 4680 resur-

521 4716 858 4783 rectionem
910 4720 1149 4783 vidisse
1211 4727 1276 4782 et
1337 4741 1475 4782 cum
1535 4740 1608 4782 00
1671 4720 2083 4797 colloquutam
2139 4738 2297 4796 esse,
2349 4739 2387 4779 a
2428 4716 2783 4779 christianis
2831 4717 3079 4779 saeculo
3134 4715 3403 4779 fortasse

526 4827 700 4881 sexto
743 4820 847 4881 vel
889 4827 1075 4881 antea
1114 4826 1508 4881 consecratus
1550 4826 1649 4880 est
1686 4818 1751 4879 in
1794 4818 2059 4879 ecclesia
2100 4816 2161 4877 S.
2190 4815 2445 4894 Mariae,
2484 4836 2669 4893 quam
2695 4813 2897 4877 forma
2922 4814 3404 4893 quadrangulari

524 4925 941 4980 constructam
981 4918 1143 4979 vidit
1182 4918 1533 4996 Arculphus
1576 4918 1642 4998 (l.
1684 4917 1738 4995 Ι,
1781 4937 1911 4995 cap.
1955 4916 2039 4996 ὅ),
2084 4922 2148 4977 et
2171 4915 2622 4994 „cohaerentem
2663 4914 2964 4976 ecclesiae
3000 4914 3063 4975 S.
3099 4913 3405 4993 Sepulcri.

685 5017 711 5053 ¹
753 5018 921 5079 Psal.
980 5017 1293 5095 LXXIII,
1339 5018 1435 5077 12.
1478 5015 1788 5093 Ezechiel,
1831 5035 1883 5077 c.
1925 5035 1985 5076 v.
2029 5014 2090 5075 5.·
2127 5014 2206 5075 In
2232 5014 2491 5093 vulgata
2528 5013 2786 5092 legitur:
2833 5013 3065 5075 «Haec
3094 5011 3249 5074 dicit
3283 5012 3405 5075 Do-

526 5115 730 5176 minus
770 5115 945 5176 Deus
969 5138 1002 5172 ›
1048 5122 1166 5176 etc.

682 5213 708 5250 ³
748 5214 923 5275 Haec
961 5213 1029 5275 in
1068 5212 1577 5292 Peregrinatione
1638 5219 1965 5276 occurrunt
2034 5212 2198 5293 (pag.
2241 5211 2340 5287 95,
2399 5217 2464 5272 et
2516 5211 2664 5291 96):
2725 5231 2757 5269 ι
2780 5208 3019 5270 loculus
3070 5215 3407 5287 argenteus

525 5311 857 5377 deauratus
862 5356 957 5373 .....
998 5311 1247 5390 ponitur
1284 5311 1352 5371 in
1391 5330 1605 5372 mensa
1643 5330 1823 5388 quam
1860 5309 2100 5388 lignum
2140 5309 2341 5369 crucis
2381 5328 2562 5385 quam
2609 5306 2832 5368 titulus
2836 5350 2951 5368 ......
2995 5305 3260 5367 annulus
3305 5306 3409 5368 Sa-

525 5412 807 5492 lomonis,
850 5417 915 5473 et
953 5432 1143 5473 cornu
1181 5410 1358 5490 illud,
1402 5410 1480 5472 de
1521 5429 1639 5487 quo
1681 5429 1862 5488 reges
1905 5409 2356 5487 unguebantur.
2376 5431 2409 5465 ›

687 5512 715 5549 ⁴
755 5512 930 5586 Quae
969 5510 1047 5573 de
1090 5512 1321 5590 templo
1364 5509 1707 5571 Salomonis
1745 5508 1847 5571 hic
1894 5507 2265 5581 referuntur,
2317 5506 2502 5569 valde
2551 5506 2907 5586 discrepant
2959 5527 2998 5568 a
3047 5504 3409 5568 testimonio

527 5611 923 5691 Peregrinae,
956 5631 1112 5689 qnae
1153 5610 1232 5670 de
1271 5609 1380 5670 illo
1420 5607 1683 5671 inferius
1722 5607 2009 5685 loquitur,
2055 5614 2120 5668 et
2157 5605 2381 5668 fictitia
2421 5626 2563 5668 esse
2623 5604 2956 5670 videntur:
3019 5611 3270 5668 caetera
3329 5603 3411 5667 ad

528 5711 800 5775 infimam
841 5716 1111 5794 aetatem
1149 5708 1483 5789 pertinent.
