<?xml version="1.0" encoding="UTF-8"?>
<!DOCTYPE html PUBLIC "-//W3C//DTD XHTML 1.0 Transitional//EN"
    "http://www.w3.org/TR/xhtml1/DTD/xhtml1-transitional.dtd">
<html xmlns="http://www.w3.org/1999/xhtml" xml:lang="en" lang="en">
 <head>
  <title>
</title>
<meta http-equiv="Content-Type" content="text/html;charset=utf-8" />
  <meta name='ocr-system' content='tesseract 3.04.00' />
  <meta name='ocr-capabilities' content='ocr_page ocr_carea ocr_par ocr_line ocrx_word'/>
</head>
<body>
  <div class='ocr_page' id='page_1' title='image "./shilariitractat01petrgoog_0050.png"; bbox 0 0 4642 6650; ppageno 0'>
   <div class='ocr_carea' id='block_1_1' title="bbox 1206 723 4104 4809">
    <p class='ocr_par' dir='ltr' id='par_1_1' title="bbox 1242 723 2856 787">
     <span class='ocr_line' id='line_1_1' title="bbox 1242 723 2856 787; baseline 0.001 -2"><span class='ocrx_word' id='word_1_1' title='bbox 1242 723 1283 785; x_wconf 88' lang='grc'>4</span> <span class='ocrx_word' id='word_1_2' title='bbox 2498 739 2550 787; x_wconf 81' lang='lat' dir='ltr'><strong>s,</strong></span> <span class='ocrx_word' id='word_1_3' title='bbox 2600 740 2856 787; x_wconf 66' lang='lat' dir='ltr'><strong>inmun</strong></span> 
     </span>
    </p>

    <p class='ocr_par' dir='ltr' id='par_1_2' title="bbox 1231 960 4104 2059">
     <span class='ocr_line' id='line_1_2' title="bbox 1396 960 4098 1058; baseline 0.002 -24"><span class='ocrx_word' id='word_1_4' title='bbox 1396 960 1645 1035; x_wconf 86' lang='lat' dir='ltr'><strong>Adam</strong></span> <span class='ocrx_word' id='word_1_5' title='bbox 1698 963 1862 1058; x_wconf 86' lang='lat' dir='ltr'><strong>ipso</strong></span> <span class='ocrx_word' id='word_1_6' title='bbox 1916 965 2224 1037; x_wconf 89' lang='lat' dir='ltr'><strong>nomine</strong></span> <span class='ocrx_word' id='word_1_7' title='bbox 2277 961 2775 1037; x_wconf 70' lang='lat' dir='ltr'><strong>nativitatem</strong></span> <span class='ocrx_word' id='word_1_8' title='bbox 2838 962 3134 1036; x_wconf 87' lang='lat' dir='ltr'>Domini</span> <span class='ocrx_word' id='word_1_9' title='bbox 3184 963 3692 1058; x_wconf 79' lang='lat' dir='ltr'><strong>praeformat:</strong></span> <span class='ocrx_word' id='word_1_10' title='bbox 3752 989 3930 1039; x_wconf 90' lang='lat' dir='ltr'><strong>nam</strong></span> <span class='ocrx_word' id='word_1_11' title='bbox 3985 988 4098 1040; x_wconf 88' lang='lat' dir='ltr'><strong>se·</strong></span> 
     </span>
     <span class='ocr_line' id='line_1_3' title="bbox 1236 1081 4104 1185; baseline 0.001 -26"><span class='ocrx_word' id='word_1_12' title='bbox 1236 1086 1570 1159; x_wconf 89' lang='lat' dir='ltr'><strong>cundum</strong></span> <span class='ocrx_word' id='word_1_13' title='bbox 1605 1088 1948 1183; x_wconf 87' lang='lat' dir='ltr'><strong>linguam</strong></span> <span class='ocrx_word' id='word_1_14' title='bbox 1988 1088 2418 1162; x_wconf 83' lang='lat' dir='ltr'><strong>hebraicam</strong></span> <span class='ocrx_word' id='word_1_15' title='bbox 2457 1087 2725 1178; x_wconf 87' lang='lat' dir='ltr'><strong>Adam,</strong></span> <span class='ocrx_word' id='word_1_16' title='bbox 2767 1088 2966 1184; x_wconf 91' lang='lat' dir='ltr'><strong>quod</strong></span> <span class='ocrx_word' id='word_1_17' title='bbox 3007 1111 3272 1183; x_wconf 82' lang='lat' dir='ltr'><strong>graece</strong></span> <span class='ocrx_word' id='word_1_18' title='bbox 3311 1112 3635 1185; x_wconf 85' lang='lat' dir='ltr'><strong>gepyrra</strong></span> <span class='ocrx_word' id='word_1_19' title='bbox 3664 1081 3709 1180; x_wconf 85' lang='lat'><strong>¹,</strong></span> <span class='ocrx_word' id='word_1_20' title='bbox 3749 1090 3828 1163; x_wconf 91' lang='lat' dir='ltr'><strong>id</strong></span> <span class='ocrx_word' id='word_1_21' title='bbox 3866 1090 4104 1165; x_wconf 89' lang='lat' dir='ltr'><strong>latine</strong></span> 
     </span>
     <span class='ocr_line' id='line_1_4' title="bbox 1233 1211 4098 1308; baseline 0.002 -25"><span class='ocrx_word' id='word_1_22' title='bbox 1233 1213 1443 1283; x_wconf 87' lang='lat' dir='ltr'><strong>terra</strong></span> <span class='ocrx_word' id='word_1_23' title='bbox 1498 1211 1849 1284; x_wconf 86' lang='lat' dir='ltr'><strong>flammea</strong></span> <span class='ocrx_word' id='word_1_24' title='bbox 1906 1215 2063 1285; x_wconf 88' lang='lat' dir='ltr'><strong>est:</strong></span> <span class='ocrx_word' id='word_1_25' title='bbox 2123 1213 2204 1285; x_wconf 89' lang='lat' dir='ltr'><strong>et</strong></span> <span class='ocrx_word' id='word_1_26' title='bbox 2259 1212 2633 1306; x_wconf 86' lang='lat' dir='ltr'><strong>scriptura</strong></span> <span class='ocrx_word' id='word_1_27' title='bbox 2690 1212 3009 1285; x_wconf 89' lang='lat' dir='ltr'><strong>humani</strong></span> <span class='ocrx_word' id='word_1_28' title='bbox 3073 1213 3403 1308; x_wconf 86' lang='lat' dir='ltr'><strong>corporis</strong></span> <span class='ocrx_word' id='word_1_29' title='bbox 3460 1236 3760 1288; x_wconf 87' lang='lat' dir='ltr'><strong>carnem</strong></span> <span class='ocrx_word' id='word_1_30' title='bbox 3816 1217 4098 1288; x_wconf 86' lang='lat' dir='ltr'><strong>terram</strong></span> 
     </span>
     <span class='ocr_line' id='line_1_5' title="bbox 1235 1327 4099 1434; baseline 0.001 -25"><span class='ocrx_word' id='word_1_31' title='bbox 1235 1336 1462 1409; x_wconf 85' lang='lat' dir='ltr'><strong>solita</strong></span> <span class='ocrx_word' id='word_1_32' title='bbox 1493 1340 1611 1410; x_wconf 89' lang='lat' dir='ltr'><strong>est</strong></span> <span class='ocrx_word' id='word_1_33' title='bbox 1646 1359 2085 1433; x_wconf 84' lang='lat' dir='ltr'><strong>nuncupare</strong></span> <span class='ocrx_word' id='word_1_34' title='bbox 2105 1327 2172 1425; x_wconf 66' lang='grc' dir='ltr'><strong>Ξ”;</strong></span> <span class='ocrx_word' id='word_1_35' title='bbox 2214 1359 2410 1432; x_wconf 86' lang='lat' dir='ltr'><strong>quae</strong></span> <span class='ocrx_word' id='word_1_36' title='bbox 2448 1360 2580 1433; x_wconf 92' lang='lat' dir='ltr'><strong>per</strong></span> <span class='ocrx_word' id='word_1_37' title='bbox 2608 1337 2961 1432; x_wconf 86' lang='lat' dir='ltr'><strong>spiritum</strong></span> <span class='ocrx_word' id='word_1_38' title='bbox 2991 1337 3072 1411; x_wconf 91' lang='lat' dir='ltr'><strong>in</strong></span> <span class='ocrx_word' id='word_1_39' title='bbox 3103 1338 3428 1412; x_wconf 92' lang='lat' dir='ltr'><strong>Domino</strong></span> <span class='ocrx_word' id='word_1_40' title='bbox 3462 1343 3647 1412; x_wconf 87' lang='lat' dir='ltr'><strong>nata</strong></span> <span class='ocrx_word' id='word_1_41' title='bbox 3677 1339 3769 1413; x_wconf 91' lang='lat' dir='ltr'><strong>de</strong></span> <span class='ocrx_word' id='word_1_42' title='bbox 3808 1340 4099 1434; x_wconf 84' lang='lat' dir='ltr'><strong>virgine</strong></span> 
     </span>
     <span class='ocr_line' id='line_1_6' title="bbox 1233 1461 4102 1559; baseline 0.002 -26"><span class='ocrx_word' id='word_1_43' title='bbox 1233 1461 1314 1533; x_wconf 90' lang='lat' dir='ltr'><strong>in</strong></span> <span class='ocrx_word' id='word_1_44' title='bbox 1368 1484 1648 1536; x_wconf 86' lang='lat' dir='ltr'><strong>novam</strong></span> <span class='ocrx_word' id='word_1_45' title='bbox 1704 1467 1784 1537; x_wconf 88' lang='lat' dir='ltr'><strong>et</strong></span> <span class='ocrx_word' id='word_1_46' title='bbox 1839 1465 2169 1537; x_wconf 81' lang='lat' dir='ltr'><strong>alienam</strong></span> <span class='ocrx_word' id='word_1_47' title='bbox 2226 1489 2272 1537; x_wconf 88' lang='lat' dir='ltr'><strong>a</strong></span> <span class='ocrx_word' id='word_1_48' title='bbox 2328 1486 2408 1537; x_wconf 91' lang='lat' dir='ltr'><strong>se</strong></span> <span class='ocrx_word' id='word_1_49' title='bbox 2463 1464 2784 1559; x_wconf 89' lang='lat' dir='ltr'><strong>speciem</strong></span> <span class='ocrx_word' id='word_1_50' title='bbox 2831 1467 3159 1556; x_wconf 90' lang='lat' dir='ltr'><strong>mutata,</strong></span> <span class='ocrx_word' id='word_1_51' title='bbox 3201 1465 3605 1539; x_wconf 87' lang='lat' dir='ltr'><strong>conformis</strong></span> <span class='ocrx_word' id='word_1_52' title='bbox 3662 1466 3931 1540; x_wconf 84' lang='lat' dir='ltr'><strong>effecta</strong></span> <span class='ocrx_word' id='word_1_53' title='bbox 3985 1469 4102 1540; x_wconf 90' lang='lat' dir='ltr'><strong>est</strong></span> 
     </span>
     <span class='ocr_line' id='line_1_7' title="bbox 1231 1581 4099 1684; baseline 0.002 -25"><span class='ocrx_word' id='word_1_54' title='bbox 1231 1587 1519 1682; x_wconf 84' lang='lat' dir='ltr'><strong>gloriae</strong></span> <span class='ocrx_word' id='word_1_55' title='bbox 1576 1588 1905 1683; x_wconf 78' lang='lat' dir='ltr'><strong>spiritali</strong></span> <span class='ocrx_word' id='word_1_56' title='bbox 1959 1589 2370 1663; x_wconf 89' lang='lat' dir='ltr'><strong>secundum</strong></span> <span class='ocrx_word' id='word_1_57' title='bbox 2411 1589 2841 1684; x_wconf 90' lang='lat' dir='ltr'><strong>apostolum</strong></span> <span class='ocrx_word' id='word_1_58' title='bbox 2872 1581 2940 1662; x_wconf 80' lang='lat'><strong>³:</strong></span> <span class='ocrx_word' id='word_1_59' title='bbox 2995 1589 3380 1663; x_wconf 83' lang='lat' dir='ltr'><strong>Secundus</strong></span> <span class='ocrx_word' id='word_1_60' title='bbox 3437 1591 3664 1664; x_wconf 91' lang='lat' dir='ltr'><strong>homo</strong></span> <span class='ocrx_word' id='word_1_61' title='bbox 3720 1591 3811 1665; x_wconf 92' lang='lat' dir='ltr'><strong>de</strong></span> <span class='ocrx_word' id='word_1_62' title='bbox 3867 1591 4099 1683; x_wconf 89' lang='grc'><strong>00310,</strong></span> 
     </span>
     <span class='ocr_line' id='line_1_8' title="bbox 1233 1712 4099 1812; baseline 0.001 -26"><span class='ocrx_word' id='word_1_63' title='bbox 1233 1716 1313 1786; x_wconf 88' lang='lat' dir='ltr'><strong>et</strong></span> <span class='ocrx_word' id='word_1_64' title='bbox 1351 1712 1595 1786; x_wconf 86' lang='lat' dir='ltr'><strong>Adam</strong></span> <span class='ocrx_word' id='word_1_65' title='bbox 1636 1714 2004 1805; x_wconf 82' lang='lat' dir='ltr'><strong>coelestiS‚</strong></span> <span class='ocrx_word' id='word_1_66' title='bbox 2047 1717 2177 1809; x_wconf 91' lang='lat' dir='ltr'><strong>qui</strong></span> <span class='ocrx_word' id='word_1_67' title='bbox 2216 1714 2464 1787; x_wconf 86' lang='lat' dir='ltr'><strong>Adam</strong></span> <span class='ocrx_word' id='word_1_68' title='bbox 2504 1713 2885 1788; x_wconf 89' lang='lat' dir='ltr'><strong>terrestris</strong></span> <span class='ocrx_word' id='word_1_69' title='bbox 2922 1713 3175 1810; x_wconf 83' lang='lat' dir='ltr'><strong>imago</strong></span> <span class='ocrx_word' id='word_1_70' title='bbox 3214 1717 3331 1788; x_wconf 89' lang='lat' dir='ltr'><strong>est</strong></span> <span class='ocrx_word' id='word_1_71' title='bbox 3369 1714 3638 1789; x_wconf 88' lang='lat' dir='ltr'><strong>futuri.</strong></span> <span class='ocrx_word' id='word_1_72' title='bbox 3681 1716 3879 1790; x_wconf 86' lang='lat' dir='ltr'><strong>Tuto</strong></span> <span class='ocrx_word' id='word_1_73' title='bbox 3920 1738 4099 1812; x_wconf 91' lang='lat' dir='ltr'><strong>ergo</strong></span> 
     </span>
     <span class='ocr_line' id='line_1_9' title="bbox 1234 1839 4098 1943; baseline 0.001 -32"><span class='ocrx_word' id='word_1_74' title='bbox 1234 1842 1545 1912; x_wconf 89' lang='lat' dir='ltr'><strong>auctore</strong></span> <span class='ocrx_word' id='word_1_75' title='bbox 1601 1842 1848 1930; x_wconf 83' lang='lat' dir='ltr'><strong>tante,</strong></span> <span class='ocrx_word' id='word_1_76' title='bbox 1908 1841 2141 1914; x_wconf 88' lang='lat' dir='ltr'><strong>etiam</strong></span> <span class='ocrx_word' id='word_1_77' title='bbox 2197 1839 2409 1943; x_wconf 87' lang='lat' dir='ltr'><strong>Adae</strong></span> <span class='ocrx_word' id='word_1_78' title='bbox 2444 1862 2722 1915; x_wconf 86' lang='lat' dir='ltr'><strong>nomen</strong></span> <span class='ocrx_word' id='word_1_79' title='bbox 2761 1861 2913 1912; x_wconf 91' lang='lat' dir='ltr'><strong>non</strong></span> <span class='ocrx_word' id='word_1_80' title='bbox 2952 1841 3112 1914; x_wconf 90' lang='lat' dir='ltr'><strong>sine</strong></span> <span class='ocrx_word' id='word_1_81' title='bbox 3163 1841 3422 1936; x_wconf 92' lang='lat' dir='ltr'><strong>aliqua</strong></span> <span class='ocrx_word' id='word_1_82' title='bbox 3477 1839 3723 1914; x_wconf 89' lang='lat' dir='ltr'><strong>futuri</strong></span> <span class='ocrx_word' id='word_1_83' title='bbox 3782 1841 4098 1915; x_wconf 88' lang='lat' dir='ltr'><strong>medita-</strong></span> 
     </span>
     <span class='ocr_line' id='line_1_10' title="bbox 1232 1964 1969 2059; baseline 0.003 -24"><span class='ocrx_word' id='word_1_84' title='bbox 1232 1964 1444 2038; x_wconf 89' lang='lat' dir='ltr'><strong>tione</strong></span> <span class='ocrx_word' id='word_1_85' title='bbox 1498 1964 1969 2059; x_wconf 79' lang='lat' dir='ltr'><strong>suscipimus,</strong></span> 
     </span>
    </p>

    <p class='ocr_par' dir='ltr' id='par_1_3' title="bbox 1206 2087 4097 4809">
     <span class='ocr_line' id='line_1_11' title="bbox 1393 2087 4097 2186; baseline 0.001 -25"><span class='ocrx_word' id='word_1_86' title='bbox 1393 2087 1775 2183; x_wconf 84' lang='lat' dir='ltr'><strong>Sequitur,</strong></span> <span class='ocrx_word' id='word_1_87' title='bbox 1834 2089 2037 2186; x_wconf 91' lang='lat' dir='ltr'><strong>quod</strong></span> <span class='ocrx_word' id='word_1_88' title='bbox 2094 2089 2441 2186; x_wconf 83' lang='lat' dir='ltr'><strong>obsepito</strong></span> <span class='ocrx_word' id='word_1_89' title='bbox 2477 2088 2725 2163; x_wconf 85' lang='lat' dir='ltr'><strong>Adam</strong></span> <span class='ocrx_word' id='word_1_90' title='bbox 2782 2090 3154 2164; x_wconf 81' lang='lat' dir='ltr'><strong>exlatere</strong></span> <span class='ocrx_word' id='word_1_91' title='bbox 3211 2090 3373 2164; x_wconf 88' lang='lat' dir='ltr'><strong>eius</strong></span> <span class='ocrx_word' id='word_1_92' title='bbox 3430 2093 3660 2185; x_wconf 88' lang='lat' dir='ltr'><strong>atque</strong></span> <span class='ocrx_word' id='word_1_93' title='bbox 3716 2113 3880 2165; x_wconf 91' lang='lat' dir='ltr'><strong>osse</strong></span> <span class='ocrx_word' id='word_1_94' title='bbox 3934 2091 4097 2167; x_wconf 86' lang='lat' dir='ltr'><strong>Eva</strong></span> 
     </span>
     <span class='ocr_line' id='line_1_12' title="bbox 1234 2203 4097 2312; baseline 0.002 -28"><span class='ocrx_word' id='word_1_95' title='bbox 1234 2203 1241 2311; x_wconf 86' lang='grc' dir='ltr'>Ι</span> <span class='ocrx_word' id='word_1_96' title='bbox 1301 2213 1690 2309; x_wconf 83' lang='lat' dir='ltr'><strong>gignitur:</strong></span> <span class='ocrx_word' id='word_1_97' title='bbox 1769 2238 1918 2309; x_wconf 90' lang='lat' dir='ltr'><strong>quo</strong></span> <span class='ocrx_word' id='word_1_98' title='bbox 1994 2215 2383 2310; x_wconf 84' lang='lat' dir='ltr'><strong>evigilato,</strong></span> <span class='ocrx_word' id='word_1_99' title='bbox 2440 2214 2842 2311; x_wconf 88' lang='lat' dir='ltr'><strong>prophetia</strong></span> <span class='ocrx_word' id='word_1_100' title='bbox 2915 2237 3213 2310; x_wconf 92' lang='lat' dir='ltr'><strong>quoque</strong></span> <span class='ocrx_word' id='word_1_101' title='bbox 3267 2215 3447 2288; x_wconf 90' lang='lat' dir='ltr'><strong>talis</strong></span> <span class='ocrx_word' id='word_1_102' title='bbox 3505 2216 3991 2312; x_wconf 84' lang='lat' dir='ltr'><strong>consequitur</strong></span> <span class='ocrx_word' id='word_1_103' title='bbox 4018 2212 4097 2289; x_wconf 81' lang='lat'><strong>⁴:</strong></span> 
     </span>
     <span class='ocr_line' id='line_1_13' title="bbox 1240 2338 4093 2429; baseline 0.002 -20"><span class='ocrx_word' id='word_1_104' title='bbox 1240 2342 1269 2372; x_wconf 92' lang='lat'>“</span> <span class='ocrx_word' id='word_1_105' title='bbox 1307 2338 1468 2413; x_wconf 88' lang='lat' dir='ltr'><strong>Hoc</strong></span> <span class='ocrx_word' id='word_1_106' title='bbox 1523 2362 1724 2414; x_wconf 90' lang='lat' dir='ltr'><strong>nunc</strong></span> <span class='ocrx_word' id='word_1_107' title='bbox 1780 2362 1863 2414; x_wconf 88' lang='lat' dir='ltr'><strong>os</strong></span> <span class='ocrx_word' id='word_1_108' title='bbox 1920 2339 2011 2413; x_wconf 93' lang='lat' dir='ltr'><strong>de</strong></span> <span class='ocrx_word' id='word_1_109' title='bbox 2048 2340 2342 2414; x_wconf 89' lang='lat' dir='ltr'><strong>ossibus</strong></span> <span class='ocrx_word' id='word_1_110' title='bbox 2378 2339 2588 2429; x_wconf 81' lang='lat' dir='ltr'><strong>meis„</strong></span> <span class='ocrx_word' id='word_1_111' title='bbox 2630 2342 2710 2413; x_wconf 90' lang='lat' dir='ltr'><strong>et</strong></span> <span class='ocrx_word' id='word_1_112' title='bbox 2748 2361 2921 2413; x_wconf 87' lang='lat' dir='ltr'><strong>caro</strong></span> <span class='ocrx_word' id='word_1_113' title='bbox 2962 2338 3053 2412; x_wconf 92' lang='lat' dir='ltr'><strong>de</strong></span> <span class='ocrx_word' id='word_1_114' title='bbox 3100 2360 3323 2413; x_wconf 88' lang='lat' dir='ltr'><strong>carne</strong></span> <span class='ocrx_word' id='word_1_115' title='bbox 3380 2361 3574 2415; x_wconf 90' lang='lat' dir='ltr'><strong>mea.</strong></span> <span class='ocrx_word' id='word_1_116' title='bbox 3632 2341 3817 2415; x_wconf 88' lang='lat' dir='ltr'><strong>haec</strong></span> <span class='ocrx_word' id='word_1_117' title='bbox 3874 2364 4093 2416; x_wconf 86' lang='lat' dir='ltr'><strong>voca-</strong></span> 
     </span>
     <span class='ocr_line' id='line_1_14' title="bbox 1227 2456 4097 2559; baseline 0.002 -24"><span class='ocrx_word' id='word_1_118' title='bbox 1227 2463 1438 2537; x_wconf 87' lang='lat' dir='ltr'><strong>bitur</strong></span> <span class='ocrx_word' id='word_1_119' title='bbox 1474 2465 1772 2555; x_wconf 88' lang='lat' dir='ltr'><strong>mulier,</strong></span> <span class='ocrx_word' id='word_1_120' title='bbox 1833 2465 2014 2559; x_wconf 91' lang='lat' dir='ltr'><strong>quia</strong></span> <span class='ocrx_word' id='word_1_121' title='bbox 2040 2456 2068 2497; x_wconf 84' lang='lat'><strong>⁵</strong></span> <span class='ocrx_word' id='word_1_122' title='bbox 2106 2464 2199 2538; x_wconf 90' lang='lat' dir='ltr'><strong>de</strong></span> <span class='ocrx_word' id='word_1_123' title='bbox 2238 2464 2403 2539; x_wconf 84' lang='lat' dir='ltr'><strong>viro</strong></span> <span class='ocrx_word' id='word_1_124' title='bbox 2441 2486 2581 2539; x_wconf 89' lang='lat' dir='ltr'><strong>suo</strong></span> <span class='ocrx_word' id='word_1_125' title='bbox 2620 2468 2927 2559; x_wconf 88' lang='lat' dir='ltr'><strong>sumpta</strong></span> <span class='ocrx_word' id='word_1_126' title='bbox 2966 2466 3108 2553; x_wconf 90' lang='lat' dir='ltr'><strong>est,</strong></span> <span class='ocrx_word' id='word_1_127' title='bbox 3167 2467 3250 2537; x_wconf 87' lang='lat' dir='ltr'><strong>et</strong></span> <span class='ocrx_word' id='word_1_128' title='bbox 3287 2464 3503 2539; x_wconf 87' lang='lat' dir='ltr'><strong>eritis</strong></span> <span class='ocrx_word' id='word_1_129' title='bbox 3542 2465 3694 2539; x_wconf 90' lang='lat' dir='ltr'><strong>duo</strong></span> <span class='ocrx_word' id='word_1_130' title='bbox 3750 2466 3830 2540; x_wconf 93' lang='lat' dir='ltr'><strong>in</strong></span> <span class='ocrx_word' id='word_1_131' title='bbox 3870 2488 4097 2541; x_wconf 84' lang='lat' dir='ltr'><strong>carne</strong></span> 
     </span>
     <span class='ocr_line' id='line_1_15' title="bbox 1229 2582 4094 2688; baseline 0.002 -27"><span class='ocrx_word' id='word_1_132' title='bbox 1229 2613 1383 2663; x_wconf 91' lang='lat' dir='ltr'><strong>una</strong></span> <span class='ocrx_word' id='word_1_133' title='bbox 1413 2647 1475 2680; x_wconf 81' lang='lat'><strong>„.</strong></span> <span class='ocrx_word' id='word_1_134' title='bbox 1515 2591 1658 2665; x_wconf 89' lang='lat' dir='ltr'><strong>Hic</strong></span> <span class='ocrx_word' id='word_1_135' title='bbox 1696 2590 1885 2663; x_wconf 87' lang='lat' dir='ltr'><strong>nihil</strong></span> <span class='ocrx_word' id='word_1_136' title='bbox 1925 2589 2113 2663; x_wconf 90' lang='lat' dir='ltr'><strong>mihi</strong></span> <span class='ocrx_word' id='word_1_137' title='bbox 2139 2582 2166 2623; x_wconf 79' lang='lat'><strong>⁶</strong></span> <span class='ocrx_word' id='word_1_138' title='bbox 2203 2590 2484 2665; x_wconf 88' lang='lat' dir='ltr'><strong>laboris</strong></span> <span class='ocrx_word' id='word_1_139' title='bbox 2525 2592 2672 2664; x_wconf 90' lang='lat' dir='ltr'><strong>est:</strong></span> <span class='ocrx_word' id='word_1_140' title='bbox 2715 2590 3103 2686; x_wconf 89' lang='lat' dir='ltr'><strong>apostolus</strong></span> <span class='ocrx_word' id='word_1_141' title='bbox 3142 2591 3346 2665; x_wconf 92' lang='lat' dir='ltr'><strong>enim</strong></span> <span class='ocrx_word' id='word_1_142' title='bbox 3385 2613 3552 2665; x_wconf 88' lang='lat' dir='ltr'><strong>cum</strong></span> <span class='ocrx_word' id='word_1_143' title='bbox 3595 2592 3822 2665; x_wconf 87' lang='lat' dir='ltr'><strong>huius</strong></span> <span class='ocrx_word' id='word_1_144' title='bbox 3860 2593 4094 2688; x_wconf 86' lang='lat' dir='ltr'><strong>ipsius</strong></span> 
     </span>
     <span class='ocr_line' id='line_1_16' title="bbox 1225 2697 4093 2811; baseline 0.001 -24"><span class='ocrx_word' id='word_1_145' title='bbox 1225 2715 1668 2811; x_wconf 86' lang='lat' dir='ltr'><strong>prophetiae</strong></span> <span class='ocrx_word' id='word_1_146' title='bbox 1722 2715 2191 2789; x_wconf 87' lang='lat' dir='ltr'><strong>meminisset</strong></span> <span class='ocrx_word' id='word_1_147' title='bbox 2244 2716 2359 2788; x_wconf 79' lang='lat' dir='ltr'><strong>ita</strong></span> <span class='ocrx_word' id='word_1_148' title='bbox 2394 2705 2462 2788; x_wconf 90' lang='lat'><strong>⁷:</strong></span> <span class='ocrx_word' id='word_1_149' title='bbox 2531 2719 2562 2750; x_wconf 87' lang='lat'>“</span> <span class='ocrx_word' id='word_1_150' title='bbox 2609 2697 2772 2789; x_wconf 87' lang='lat' dir='ltr'><strong>Hoc</strong></span> <span class='ocrx_word' id='word_1_151' title='bbox 2827 2714 3279 2810; x_wconf 83' lang='lat' dir='ltr'><strong>mysterium</strong></span> <span class='ocrx_word' id='word_1_152' title='bbox 3335 2738 3699 2810; x_wconf 90' lang='lat' dir='ltr'><strong>magnum</strong></span> <span class='ocrx_word' id='word_1_153' title='bbox 3756 2719 3895 2807; x_wconf 89' lang='lat' dir='ltr'><strong>est,</strong></span> <span class='ocrx_word' id='word_1_154' title='bbox 3956 2738 4093 2811; x_wconf 91' lang='lat' dir='ltr'><strong>ego</strong></span> 
     </span>
     <span class='ocr_line' id='line_1_17' title="bbox 1224 2837 4090 2925; baseline 0.001 -14"><span class='ocrx_word' id='word_1_155' title='bbox 1224 2842 1485 2912; x_wconf 90' lang='lat' dir='ltr'><strong>autem</strong></span> <span class='ocrx_word' id='word_1_156' title='bbox 1542 2838 1707 2913; x_wconf 88' lang='lat' dir='ltr'><strong>dico</strong></span> <span class='ocrx_word' id='word_1_157' title='bbox 1764 2840 1844 2911; x_wconf 88' lang='lat' dir='ltr'><strong>in</strong></span> <span class='ocrx_word' id='word_1_158' title='bbox 1901 2838 2199 2912; x_wconf 84' lang='lat' dir='ltr'><strong>Christo</strong></span> <span class='ocrx_word' id='word_1_159' title='bbox 2256 2842 2337 2913; x_wconf 89' lang='lat' dir='ltr'><strong>et</strong></span> <span class='ocrx_word' id='word_1_160' title='bbox 2391 2838 2471 2911; x_wconf 91' lang='lat' dir='ltr'><strong>in</strong></span> <span class='ocrx_word' id='word_1_161' title='bbox 2525 2838 2837 2913; x_wconf 86' lang='lat' dir='ltr'><strong>ecclesia</strong></span> <span class='ocrx_word' id='word_1_162' title='bbox 2874 2891 2938 2925; x_wconf 84' lang='lat'><strong>„.</strong></span> <span class='ocrx_word' id='word_1_163' title='bbox 3000 2837 3143 2912; x_wconf 84' lang='lat' dir='ltr'><strong>Sed</strong></span> <span class='ocrx_word' id='word_1_164' title='bbox 3199 2838 3410 2914; x_wconf 90' lang='lat' dir='ltr'><strong>Adae</strong></span> <span class='ocrx_word' id='word_1_165' title='bbox 3460 2862 3543 2913; x_wconf 91' lang='lat' dir='ltr'><strong>os</strong></span> <span class='ocrx_word' id='word_1_166' title='bbox 3598 2842 3905 2913; x_wconf 86' lang='lat' dir='ltr'><strong>tantum</strong></span> <span class='ocrx_word' id='word_1_167' title='bbox 3965 2840 4090 2914; x_wconf 91' lang='lat' dir='ltr'><strong>de-</strong></span> 
     </span>
     <span class='ocr_line' id='line_1_18' title="bbox 1221 2962 4094 3059; baseline 0.001 -24"><span class='ocrx_word' id='word_1_168' title='bbox 1221 2965 1560 3036; x_wconf 88' lang='lat' dir='ltr'><strong>tractum</strong></span> <span class='ocrx_word' id='word_1_169' title='bbox 1613 2962 1975 3058; x_wconf 87' lang='lat' dir='ltr'><strong>legimus:</strong></span> <span class='ocrx_word' id='word_1_170' title='bbox 2036 2966 2115 3037; x_wconf 89' lang='lat' dir='ltr'><strong>et</strong></span> <span class='ocrx_word' id='word_1_171' title='bbox 2170 2962 2549 3059; x_wconf 91' lang='lat' dir='ltr'><strong>quomodo</strong></span> <span class='ocrx_word' id='word_1_172' title='bbox 2588 2963 2868 3036; x_wconf 85' lang='lat' dir='ltr'><strong>dicitur</strong></span> <span class='ocrx_word' id='word_1_173' title='bbox 2922 2985 3096 3037; x_wconf 80' lang='lat' dir='ltr'><strong>caro</strong></span> <span class='ocrx_word' id='word_1_174' title='bbox 3155 2963 3247 3037; x_wconf 91' lang='lat' dir='ltr'><strong>de</strong></span> <span class='ocrx_word' id='word_1_175' title='bbox 3298 2986 3524 3039; x_wconf 90' lang='lat' dir='ltr'><strong>carne</strong></span> <span class='ocrx_word' id='word_1_176' title='bbox 3579 2986 3771 3055; x_wconf 88' lang='lat' dir='ltr'><strong>mea,</strong></span> <span class='ocrx_word' id='word_1_177' title='bbox 3829 2962 4094 3039; x_wconf 78' lang='lat' dir='ltr'><strong>referri</strong></span> 
     </span>
     <span class='ocr_line' id='line_1_19' title="bbox 1223 3086 4091 3184; baseline 0.001 -24"><span class='ocrx_word' id='word_1_178' title='bbox 1223 3087 1526 3181; x_wconf 87' lang='lat' dir='ltr'><strong>quidem</strong></span> <span class='ocrx_word' id='word_1_179' title='bbox 1572 3087 1670 3160; x_wconf 87' lang='lat' dir='ltr'><strong>ad</strong></span> <span class='ocrx_word' id='word_1_180' title='bbox 1705 3086 2220 3182; x_wconf 89' lang='lat' dir='ltr'><strong>praesentium</strong></span> <span class='ocrx_word' id='word_1_181' title='bbox 2256 3091 2650 3182; x_wconf 89' lang='lat' dir='ltr'><strong>gestorum</strong></span> <span class='ocrx_word' id='word_1_182' title='bbox 2689 3086 2910 3161; x_wconf 91' lang='lat' dir='ltr'><strong>fidem</strong></span> <span class='ocrx_word' id='word_1_183' title='bbox 2951 3110 3069 3161; x_wconf 85' lang='lat' dir='ltr'><strong>res</strong></span> <span class='ocrx_word' id='word_1_184' title='bbox 3106 3087 3221 3159; x_wconf 89' lang='lat' dir='ltr'><strong>ita</strong></span> <span class='ocrx_word' id='word_1_185' title='bbox 3259 3088 3566 3182; x_wconf 86' lang='lat' dir='ltr'><strong>poterit,</strong></span> <span class='ocrx_word' id='word_1_186' title='bbox 3618 3091 3708 3160; x_wconf 90' lang='lat' dir='ltr'><strong>ut</strong></span> <span class='ocrx_word' id='word_1_187' title='bbox 3747 3088 3929 3184; x_wconf 88' lang='lat' dir='ltr'><strong>quia</strong></span> <span class='ocrx_word' id='word_1_188' title='bbox 3986 3111 4091 3181; x_wconf 84' lang='lat' dir='ltr'><strong>OS,</strong></span> 
     </span>
     <span class='ocr_line' id='line_1_20' title="bbox 1223 3211 4091 3308; baseline 0.001 -24"><span class='ocrx_word' id='word_1_189' title='bbox 1223 3213 1425 3307; x_wconf 89' lang='lat' dir='ltr'><strong>quod</strong></span> <span class='ocrx_word' id='word_1_190' title='bbox 1463 3235 1554 3287; x_wconf 84' lang='lat' dir='ltr'><strong>ex</strong></span> <span class='ocrx_word' id='word_1_191' title='bbox 1592 3213 1831 3287; x_wconf 86' lang='lat' dir='ltr'><strong>latere</strong></span> <span class='ocrx_word' id='word_1_192' title='bbox 1871 3214 2033 3288; x_wconf 92' lang='lat' dir='ltr'><strong>eius</strong></span> <span class='ocrx_word' id='word_1_193' title='bbox 2070 3214 2149 3285; x_wconf 91' lang='lat' dir='ltr'><strong>in</strong></span> <span class='ocrx_word' id='word_1_194' title='bbox 2186 3211 2557 3286; x_wconf 90' lang='lat' dir='ltr'><strong>muliebre</strong></span> <span class='ocrx_word' id='word_1_195' title='bbox 2596 3234 2886 3308; x_wconf 78' lang='lat' dir='ltr'><strong>coerS‚</strong></span> <span class='ocrx_word' id='word_1_196' title='bbox 2926 3234 3060 3308; x_wconf 90' lang='lat' dir='ltr'><strong>per</strong></span> <span class='ocrx_word' id='word_1_197' title='bbox 3098 3234 3297 3302; x_wconf 89' lang='lat' dir='ltr'><strong>eum,</strong></span> <span class='ocrx_word' id='word_1_198' title='bbox 3340 3212 3472 3306; x_wconf 89' lang='lat' dir='ltr'><strong>qui</strong></span> <span class='ocrx_word' id='word_1_199' title='bbox 3521 3213 3777 3286; x_wconf 89' lang='lat' dir='ltr'><strong>omnia</strong></span> <span class='ocrx_word' id='word_1_200' title='bbox 3813 3216 4091 3308; x_wconf 87' lang='lat' dir='ltr'><strong>potest,</strong></span> 
     </span>
     <span class='ocr_line' id='line_1_21' title="bbox 1220 3330 4087 3434; baseline 0.001 -24"><span class='ocrx_word' id='word_1_201' title='bbox 1220 3338 1654 3431; x_wconf 89' lang='lat' dir='ltr'><strong>Dominum,</strong></span> <span class='ocrx_word' id='word_1_202' title='bbox 1717 3330 1996 3414; x_wconf 77' lang='lat' dir='ltr'><strong>carne⁸</strong></span> <span class='ocrx_word' id='word_1_203' title='bbox 2051 3340 2420 3415; x_wconf 83' lang='lat' dir='ltr'><strong>vestitum</strong></span> <span class='ocrx_word' id='word_1_204' title='bbox 2477 3342 2634 3427; x_wconf 88' lang='lat' dir='ltr'><strong>est;</strong></span> <span class='ocrx_word' id='word_1_205' title='bbox 2671 3339 2855 3433; x_wconf 88' lang='lat' dir='ltr'><strong>quia</strong></span> <span class='ocrx_word' id='word_1_206' title='bbox 2894 3359 2976 3411; x_wconf 89' lang='lat' dir='ltr'><strong>os</strong></span> <span class='ocrx_word' id='word_1_207' title='bbox 3028 3360 3119 3411; x_wconf 81' lang='lat' dir='ltr'><strong>ex</strong></span> <span class='ocrx_word' id='word_1_208' title='bbox 3175 3361 3399 3412; x_wconf 90' lang='lat' dir='ltr'><strong>carne</strong></span> <span class='ocrx_word' id='word_1_209' title='bbox 3459 3339 3890 3414; x_wconf 87' lang='lat' dir='ltr'><strong>detractum</strong></span> <span class='ocrx_word' id='word_1_210' title='bbox 3946 3345 4087 3434; x_wconf 89' lang='lat' dir='ltr'><strong>est,</strong></span> 
     </span>
     <span class='ocr_line' id='line_1_22' title="bbox 1221 3464 4093 3566; baseline 0 -27"><span class='ocrx_word' id='word_1_211' title='bbox 1221 3468 1303 3539; x_wconf 91' lang='lat' dir='ltr'><strong>et</strong></span> <span class='ocrx_word' id='word_1_212' title='bbox 1356 3487 1661 3538; x_wconf 88' lang='lat' dir='ltr'><strong>rursum</strong></span> <span class='ocrx_word' id='word_1_213' title='bbox 1717 3487 1940 3539; x_wconf 88' lang='lat' dir='ltr'><strong>carne</strong></span> <span class='ocrx_word' id='word_1_214' title='bbox 1997 3464 2377 3550; x_wconf 90' lang='lat' dir='ltr'><strong>indutum,</strong></span> <span class='ocrx_word' id='word_1_215' title='bbox 2437 3464 2517 3536; x_wconf 92' lang='lat' dir='ltr'><strong>in</strong></span> <span class='ocrx_word' id='word_1_216' title='bbox 2573 3485 2840 3559; x_wconf 89' lang='lat' dir='ltr'><strong>corpus</strong></span> <span class='ocrx_word' id='word_1_217' title='bbox 2896 3464 3268 3555; x_wconf 86' lang='lat' dir='ltr'><strong>extiterit,</strong></span> <span class='ocrx_word' id='word_1_218' title='bbox 3313 3467 3402 3538; x_wconf 87' lang='lat' dir='ltr'><strong>ut</strong></span> <span class='ocrx_word' id='word_1_219' title='bbox 3446 3487 3530 3539; x_wconf 90' lang='lat' dir='ltr'><strong>os</strong></span> <span class='ocrx_word' id='word_1_220' title='bbox 3585 3486 3677 3538; x_wconf 83' lang='lat' dir='ltr'><strong>ex</strong></span> <span class='ocrx_word' id='word_1_221' title='bbox 3734 3487 3921 3556; x_wconf 87' lang='lat' dir='ltr'><strong>osse,</strong></span> <span class='ocrx_word' id='word_1_222' title='bbox 3979 3466 4093 3566; x_wconf 79' lang='lat' dir='ltr'><strong>ita</strong></span> 
     </span>
     <span class='ocr_line' id='line_1_23' title="bbox 1218 3581 4091 3685; baseline 0 -22"><span class='ocrx_word' id='word_1_223' title='bbox 1218 3590 1453 3665; x_wconf 88' lang='lat' dir='ltr'><strong>etiam</strong></span> <span class='ocrx_word' id='word_1_224' title='bbox 1510 3612 1682 3663; x_wconf 86' lang='lat' dir='ltr'><strong>caro</strong></span> <span class='ocrx_word' id='word_1_225' title='bbox 1739 3590 1843 3662; x_wconf 81' lang='lat' dir='ltr'><strong>sit</strong></span> <span class='ocrx_word' id='word_1_226' title='bbox 1880 3611 1973 3662; x_wconf 82' lang='lat' dir='ltr'><strong>ex</strong></span> <span class='ocrx_word' id='word_1_227' title='bbox 2011 3610 2258 3662; x_wconf 89' lang='lat' dir='ltr'><strong>carne.</strong></span> <span class='ocrx_word' id='word_1_228' title='bbox 2303 3581 2453 3660; x_wconf 87' lang='lat' dir='ltr'><strong>Sed</strong></span> <span class='ocrx_word' id='word_1_229' title='bbox 2492 3587 2863 3662; x_wconf 90' lang='lat' dir='ltr'><strong>Dominus</strong></span> <span class='ocrx_word' id='word_1_230' title='bbox 2920 3588 3000 3662; x_wconf 90' lang='lat' dir='ltr'><strong>in</strong></span> <span class='ocrx_word' id='word_1_231' title='bbox 3054 3588 3490 3684; x_wconf 80' lang='lat' dir='ltr'><strong>evangeliiS,</strong></span> <span class='ocrx_word' id='word_1_232' title='bbox 3549 3611 3720 3663; x_wconf 88' lang='lat' dir='ltr'><strong>cum</strong></span> <span class='ocrx_word' id='word_1_233' title='bbox 3776 3590 4091 3685; x_wconf 91' lang='lat' dir='ltr'><strong>repudio</strong></span> 
     </span>
     <span class='ocr_line' id='line_1_24' title="bbox 1219 3714 4084 3810; baseline 0.001 -24"><span class='ocrx_word' id='word_1_234' title='bbox 1219 3714 1466 3788; x_wconf 79' lang='lat' dir='ltr'><strong>dando</strong></span> <span class='ocrx_word' id='word_1_235' title='bbox 1525 3740 1570 3788; x_wconf 90' lang='lat' dir='ltr'><strong>a</strong></span> <span class='ocrx_word' id='word_1_236' title='bbox 1625 3714 1927 3788; x_wconf 88' lang='lat' dir='ltr'><strong>Iudaeis</strong></span> <span class='ocrx_word' id='word_1_237' title='bbox 1982 3715 2408 3809; x_wconf 85' lang='lat' dir='ltr'><strong>temptatus</strong></span> <span class='ocrx_word' id='word_1_238' title='bbox 2467 3716 2687 3802; x_wconf 88' lang='lat' dir='ltr'><strong>esset,</strong></span> <span class='ocrx_word' id='word_1_239' title='bbox 2726 3736 2860 3808; x_wconf 93' lang='lat' dir='ltr'><strong>per</strong></span> <span class='ocrx_word' id='word_1_240' title='bbox 2895 3736 2974 3788; x_wconf 89' lang='lat' dir='ltr'><strong>se</strong></span> <span class='ocrx_word' id='word_1_241' title='bbox 3029 3714 3282 3810; x_wconf 87' lang='lat' dir='ltr'><strong>potius</strong></span> <span class='ocrx_word' id='word_1_242' title='bbox 3339 3738 3570 3809; x_wconf 89' lang='lat' dir='ltr'><strong>quam</strong></span> <span class='ocrx_word' id='word_1_243' title='bbox 3624 3737 3759 3809; x_wconf 89' lang='lat' dir='ltr'><strong>per</strong></span> <span class='ocrx_word' id='word_1_244' title='bbox 3813 3716 4084 3808; x_wconf 89' lang='lat' dir='ltr'><strong>Adam,</strong></span> 
     </span>
     <span class='ocr_line' id='line_1_25' title="bbox 1216 3828 4092 3937; baseline 0.001 -26"><span class='ocrx_word' id='word_1_245' title='bbox 1216 3841 1359 3914; x_wconf 89' lang='lat' dir='ltr'><strong>hoc</strong></span> <span class='ocrx_word' id='word_1_246' title='bbox 1395 3840 1509 3913; x_wconf 87' lang='lat' dir='ltr'><strong>ita</strong></span> <span class='ocrx_word' id='word_1_247' title='bbox 1548 3840 1835 3914; x_wconf 87' lang='lat' dir='ltr'><strong>dictum</strong></span> <span class='ocrx_word' id='word_1_248' title='bbox 1877 3838 2108 3912; x_wconf 87' lang='lat' dir='ltr'><strong>fuisse</strong></span> <span class='ocrx_word' id='word_1_249' title='bbox 2148 3838 2646 3928; x_wconf 86' lang='lat' dir='ltr'><strong>demonstrat,</strong></span> <span class='ocrx_word' id='word_1_250' title='bbox 2681 3838 2933 3912; x_wconf 87' lang='lat' dir='ltr'><strong>dicens</strong></span> <span class='ocrx_word' id='word_1_251' title='bbox 2960 3828 3029 3910; x_wconf 78' lang='lat'><strong>⁹:</strong></span> <span class='ocrx_word' id='word_1_252' title='bbox 3072 3842 3102 3873; x_wconf 86' lang='lat'>“</span> <span class='ocrx_word' id='word_1_253' title='bbox 3134 3839 3308 3912; x_wconf 88' lang='lat' dir='ltr'><strong>Non</strong></span> <span class='ocrx_word' id='word_1_254' title='bbox 3345 3838 3660 3933; x_wconf 84' lang='lat' dir='ltr'><strong>legistiS,</strong></span> <span class='ocrx_word' id='word_1_255' title='bbox 3719 3841 3902 3935; x_wconf 90' lang='lat' dir='ltr'><strong>quia</strong></span> <span class='ocrx_word' id='word_1_256' title='bbox 3957 3842 4092 3937; x_wconf 90' lang='lat' dir='ltr'><strong>qui</strong></span> 
     </span>
     <span class='ocr_line' id='line_1_26' title="bbox 1214 3963 4088 4060; baseline 0.001 -24"><span class='ocrx_word' id='word_1_257' title='bbox 1214 3965 1397 4039; x_wconf 81' lang='lat' dir='ltr'><strong>fecit</strong></span> <span class='ocrx_word' id='word_1_258' title='bbox 1450 3966 1545 4038; x_wconf 89' lang='lat' dir='ltr'><strong>ab</strong></span> <span class='ocrx_word' id='word_1_259' title='bbox 1603 3965 1825 4039; x_wconf 84' lang='lat' dir='ltr'><strong>initio</strong></span> <span class='ocrx_word' id='word_1_260' title='bbox 1881 3964 2305 4037; x_wconf 85' lang='lat' dir='ltr'><strong>masculum</strong></span> <span class='ocrx_word' id='word_1_261' title='bbox 2354 3966 2436 4037; x_wconf 93' lang='lat' dir='ltr'><strong>et</strong></span> <span class='ocrx_word' id='word_1_262' title='bbox 2475 3963 2883 4037; x_wconf 87' lang='lat' dir='ltr'><strong>foeminam</strong></span> <span class='ocrx_word' id='word_1_263' title='bbox 2924 3963 3128 4054; x_wconf 88' lang='lat' dir='ltr'><strong>fecit,</strong></span> <span class='ocrx_word' id='word_1_264' title='bbox 3171 3966 3252 4038; x_wconf 88' lang='lat' dir='ltr'><strong>et</strong></span> <span class='ocrx_word' id='word_1_265' title='bbox 3290 3964 3525 4037; x_wconf 80' lang='lat' dir='ltr'><strong>dixit:</strong></span> <span class='ocrx_word' id='word_1_266' title='bbox 3584 3967 3894 4060; x_wconf 86' lang='lat' dir='ltr'><strong>propter</strong></span> <span class='ocrx_word' id='word_1_267' title='bbox 3947 3966 4088 4039; x_wconf 87' lang='lat' dir='ltr'><strong>hoc</strong></span> 
     </span>
     <span class='ocr_line' id='line_1_27' title="bbox 1214 4089 4077 4185; baseline 0.001 -23"><span class='ocrx_word' id='word_1_268' title='bbox 1214 4091 1558 4163; x_wconf 87' lang='lat' dir='ltr'><strong>dimittet</strong></span> <span class='ocrx_word' id='word_1_269' title='bbox 1612 4089 1838 4164; x_wconf 92' lang='lat' dir='ltr'><strong>homo</strong></span> <span class='ocrx_word' id='word_1_270' title='bbox 1895 4093 2190 4185; x_wconf 83' lang='lat' dir='ltr'><strong>patrem</strong></span> <span class='ocrx_word' id='word_1_271' title='bbox 2249 4093 2329 4163; x_wconf 87' lang='lat' dir='ltr'><strong>et</strong></span> <span class='ocrx_word' id='word_1_272' title='bbox 2386 4092 2735 4179; x_wconf 84' lang='lat' dir='ltr'><strong>matrem,</strong></span> <span class='ocrx_word' id='word_1_273' title='bbox 2777 4092 2856 4163; x_wconf 88' lang='lat' dir='ltr'><strong>et</strong></span> <span class='ocrx_word' id='word_1_274' title='bbox 2911 4093 3140 4163; x_wconf 89' lang='lat' dir='ltr'><strong>erunt</strong></span> <span class='ocrx_word' id='word_1_275' title='bbox 3196 4090 3343 4163; x_wconf 88' lang='lat' dir='ltr'><strong>duo</strong></span> <span class='ocrx_word' id='word_1_276' title='bbox 3402 4090 3482 4162; x_wconf 90' lang='lat' dir='ltr'><strong>in</strong></span> <span class='ocrx_word' id='word_1_277' title='bbox 3537 4111 3761 4165; x_wconf 88' lang='lat' dir='ltr'><strong>carne</strong></span> <span class='ocrx_word' id='word_1_278' title='bbox 3821 4114 3975 4163; x_wconf 88' lang='lat' dir='ltr'><strong>una</strong></span> <span class='ocrx_word' id='word_1_279' title='bbox 4013 4147 4077 4178; x_wconf 82' lang='lat'><strong>„.</strong></span> 
     </span>
     <span class='ocr_line' id='line_1_28' title="bbox 1210 4214 4078 4311; baseline 0.001 -24"><span class='ocrx_word' id='word_1_280' title='bbox 1210 4215 1373 4290; x_wconf 93' lang='lat' dir='ltr'><strong>Hoc</strong></span> <span class='ocrx_word' id='word_1_281' title='bbox 1428 4215 1630 4290; x_wconf 88' lang='lat' dir='ltr'><strong>enim</strong></span> <span class='ocrx_word' id='word_1_282' title='bbox 1686 4219 1859 4310; x_wconf 91' lang='lat' dir='ltr'><strong>post</strong></span> <span class='ocrx_word' id='word_1_283' title='bbox 1895 4215 1994 4305; x_wconf 85' lang='lat' dir='ltr'><strong>id,</strong></span> <span class='ocrx_word' id='word_1_284' title='bbox 2036 4215 2235 4310; x_wconf 88' lang='lat' dir='ltr'><strong>quod</strong></span> <span class='ocrx_word' id='word_1_285' title='bbox 2295 4214 2586 4288; x_wconf 88' lang='lat' dir='ltr'><strong>dictum</strong></span> <span class='ocrx_word' id='word_1_286' title='bbox 2633 4217 2772 4305; x_wconf 86' lang='lat' dir='ltr'><strong>est,</strong></span> <span class='ocrx_word' id='word_1_287' title='bbox 2831 4237 3005 4288; x_wconf 86' lang='lat' dir='ltr'><strong>caro</strong></span> <span class='ocrx_word' id='word_1_288' title='bbox 3065 4214 3155 4288; x_wconf 83' lang='lat' dir='ltr'><strong>de</strong></span> <span class='ocrx_word' id='word_1_289' title='bbox 3200 4236 3424 4288; x_wconf 90' lang='lat' dir='ltr'><strong>carne</strong></span> <span class='ocrx_word' id='word_1_290' title='bbox 3464 4236 3660 4308; x_wconf 83' lang='lat' dir='ltr'><strong>mea,</strong></span> <span class='ocrx_word' id='word_1_291' title='bbox 3710 4215 4078 4311; x_wconf 87' lang='lat' dir='ltr'><strong>sequitur.</strong></span> 
     </span>
     <span class='ocr_line' id='line_1_29' title="bbox 1210 4331 4082 4434; baseline -0 -22"><span class='ocrx_word' id='word_1_292' title='bbox 1210 4340 1410 4434; x_wconf 87' lang='lat' dir='ltr'><strong>Ergo</strong></span> <span class='ocrx_word' id='word_1_293' title='bbox 1442 4331 1492 4375; x_wconf 85' lang='lat'><strong>¹⁰</strong></span> <span class='ocrx_word' id='word_1_294' title='bbox 1528 4362 1712 4427; x_wconf 90' lang='lat' dir='ltr'><strong>rem,</strong></span> <span class='ocrx_word' id='word_1_295' title='bbox 1756 4360 1954 4433; x_wconf 88' lang='lat' dir='ltr'><strong>quae</strong></span> <span class='ocrx_word' id='word_1_296' title='bbox 2001 4338 2080 4410; x_wconf 94' lang='grc'><strong>111</strong></span> <span class='ocrx_word' id='word_1_297' title='bbox 2120 4338 2368 4411; x_wconf 88' lang='lat' dir='ltr'><strong>Adam</strong></span> <span class='ocrx_word' id='word_1_298' title='bbox 2405 4337 3008 4432; x_wconf 81' lang='lat' dir='ltr'><strong>praeficiebatur,</strong></span> <span class='ocrx_word' id='word_1_299' title='bbox 3050 4341 3455 4419; x_wconf 88' lang='lat' dir='ltr'><strong>consecuta</strong></span> <span class='ocrx_word' id='word_1_300' title='bbox 3503 4341 3620 4412; x_wconf 88' lang='lat' dir='ltr'><strong>est</strong></span> <span class='ocrx_word' id='word_1_301' title='bbox 3656 4339 4082 4434; x_wconf 87' lang='lat' dir='ltr'><strong>prophetia,</strong></span> 
     </span>
     <span class='ocr_line' id='line_1_30' title="bbox 1208 4456 4074 4559; baseline -0.001 -21"><span class='ocrx_word' id='word_1_302' title='bbox 1208 4487 1382 4539; x_wconf 91' lang='lat' dir='ltr'><strong>cum</strong></span> <span class='ocrx_word' id='word_1_303' title='bbox 1412 4463 1613 4537; x_wconf 86' lang='lat' dir='ltr'><strong>enim</strong></span> <span class='ocrx_word' id='word_1_304' title='bbox 1643 4467 1827 4537; x_wconf 83' lang='lat' dir='ltr'><strong>haec</strong></span> <span class='ocrx_word' id='word_1_305' title='bbox 1864 4463 2255 4555; x_wconf 84' lang='grc' dir='ltr'><strong>Ι)0111111113,</strong></span> <span class='ocrx_word' id='word_1_306' title='bbox 2288 4464 2422 4559; x_wconf 89' lang='lat' dir='ltr'><strong>qui</strong></span> <span class='ocrx_word' id='word_1_307' title='bbox 2450 4463 2630 4538; x_wconf 86' lang='lat' dir='ltr'><strong>fecit</strong></span> <span class='ocrx_word' id='word_1_308' title='bbox 2658 4463 3080 4538; x_wconf 91' lang='lat' dir='ltr'><strong>masculum</strong></span> <span class='ocrx_word' id='word_1_309' title='bbox 3110 4467 3190 4538; x_wconf 88' lang='lat' dir='ltr'><strong>et</strong></span> <span class='ocrx_word' id='word_1_310' title='bbox 3218 4463 3652 4554; x_wconf 76' lang='lat' dir='ltr'><strong>foeminam,</strong></span> <span class='ocrx_word' id='word_1_311' title='bbox 3685 4456 4028 4538; x_wconf 83' lang='lat' dir='ltr'><strong>dixerit¹¹</strong></span> <span class='ocrx_word' id='word_1_312' title='bbox 4058 4487 4074 4536; x_wconf 90' lang='lat'><strong>:</strong></span> 
     </span>
     <span class='ocr_line' id='line_1_31' title="bbox 1216 4588 4083 4685; baseline 0 -24"><span class='ocrx_word' id='word_1_313' title='bbox 1216 4593 1249 4626; x_wconf 90' lang='lat'>“</span> <span class='ocrx_word' id='word_1_314' title='bbox 1290 4589 1502 4678; x_wconf 78' lang='lat' dir='ltr'><strong>Quod</strong></span> <span class='ocrx_word' id='word_1_315' title='bbox 1560 4611 1651 4663; x_wconf 86' lang='lat' dir='ltr'><strong>ex</strong></span> <span class='ocrx_word' id='word_1_316' title='bbox 1710 4611 1872 4663; x_wconf 89' lang='lat' dir='ltr'><strong>osse</strong></span> <span class='ocrx_word' id='word_1_317' title='bbox 1929 4589 2089 4662; x_wconf 90' lang='lat' dir='ltr'><strong>eius</strong></span> <span class='ocrx_word' id='word_1_318' title='bbox 2128 4611 2234 4679; x_wconf 85' lang='grc'><strong>03,</strong></span> <span class='ocrx_word' id='word_1_319' title='bbox 2276 4592 2357 4662; x_wconf 89' lang='lat' dir='ltr'><strong>et</strong></span> <span class='ocrx_word' id='word_1_320' title='bbox 2394 4611 2487 4662; x_wconf 82' lang='lat' dir='ltr'><strong>ex</strong></span> <span class='ocrx_word' id='word_1_321' title='bbox 2545 4611 2768 4662; x_wconf 86' lang='lat' dir='ltr'><strong>carne</strong></span> <span class='ocrx_word' id='word_1_322' title='bbox 2824 4588 3059 4683; x_wconf 79' lang='lat' dir='ltr'><strong>ipsius</strong></span> <span class='ocrx_word' id='word_1_323' title='bbox 3100 4611 3273 4663; x_wconf 88' lang='lat' dir='ltr'><strong>caro</strong></span> <span class='ocrx_word' id='word_1_324' title='bbox 3315 4645 3378 4680; x_wconf 86' lang='lat'><strong>„,</strong></span> <span class='ocrx_word' id='word_1_325' title='bbox 3423 4588 3725 4662; x_wconf 87' lang='lat' dir='ltr'><strong>locutus</strong></span> <span class='ocrx_word' id='word_1_326' title='bbox 3780 4592 3899 4662; x_wconf 86' lang='lat' dir='ltr'><strong>est</strong></span> <span class='ocrx_word' id='word_1_327' title='bbox 3951 4611 4083 4685; x_wconf 88' lang='lat' dir='ltr'><strong>per</strong></span> 
     </span>
     <span class='ocr_line' id='line_1_32' title="bbox 1206 4705 4083 4809; baseline -0 -22"><span class='ocrx_word' id='word_1_328' title='bbox 1206 4709 1479 4807; x_wconf 83' lang='lat' dir='ltr'><strong>Adam,</strong></span> <span class='ocrx_word' id='word_1_329' title='bbox 1535 4714 1614 4785; x_wconf 89' lang='lat' dir='ltr'><strong>id</strong></span> <span class='ocrx_word' id='word_1_330' title='bbox 1669 4714 1869 4808; x_wconf 89' lang='lat' dir='ltr'><strong>quod</strong></span> <span class='ocrx_word' id='word_1_331' title='bbox 1925 4717 2180 4787; x_wconf 88' lang='lat' dir='ltr'><strong>totum</strong></span> <span class='ocrx_word' id='word_1_332' title='bbox 2237 4715 2316 4786; x_wconf 90' lang='lat' dir='ltr'><strong>in</strong></span> <span class='ocrx_word' id='word_1_333' title='bbox 2371 4713 2532 4809; x_wconf 89' lang='lat' dir='ltr'><strong>ipso</strong></span> <span class='ocrx_word' id='word_1_334' title='bbox 2572 4713 2815 4787; x_wconf 87' lang='lat' dir='ltr'><strong>Adam</strong></span> <span class='ocrx_word' id='word_1_335' title='bbox 2858 4718 3028 4787; x_wconf 89' lang='lat' dir='ltr'><strong>erat</strong></span> <span class='ocrx_word' id='word_1_336' title='bbox 3077 4705 3530 4805; x_wconf 74' lang='lat' dir='ltr'><strong>(fact)um¹²;</strong></span> <span class='ocrx_word' id='word_1_337' title='bbox 3572 4735 3708 4788; x_wconf 90' lang='lat' dir='ltr'><strong>nec</strong></span> <span class='ocrx_word' id='word_1_338' title='bbox 3748 4713 4083 4789; x_wconf 84' lang='lat' dir='ltr'><strong>detraxit</strong></span> 
     </span>
    </p>
   </div>
   <div class='ocr_carea' id='block_1_2' title="bbox 1200 4988 4082 5662">
    <p class='ocr_par' dir='ltr' id='par_1_4' title="bbox 1200 4988 4082 5662">
     <span class='ocr_line' id='line_1_33' title="bbox 1368 4988 4080 5073; baseline -0 -20"><span class='ocrx_word' id='word_1_339' title='bbox 1368 5001 1387 5034; x_wconf 91' lang='lat'><strong>¹</strong></span> <span class='ocrx_word' id='word_1_340' title='bbox 1419 4991 1719 5072; x_wconf 82' lang='lat' dir='ltr'><strong>Gepyrra,</strong></span> <span class='ocrx_word' id='word_1_341' title='bbox 1762 5003 1829 5073; x_wconf 77' lang='grc' dir='ltr'>γῆ</span> <span class='ocrx_word' id='word_1_342' title='bbox 1868 5000 2047 5072; x_wconf 71' lang='grc' dir='ltr'><strong>πυῤῥά.</strong></span> <span class='ocrx_word' id='word_1_343' title='bbox 2089 4989 2230 5054; x_wconf 88' lang='lat' dir='ltr'><strong>Non</strong></span> <span class='ocrx_word' id='word_1_344' title='bbox 2283 5012 2446 5054; x_wconf 81' lang='lat' dir='ltr'><strong>nova</strong></span> <span class='ocrx_word' id='word_1_345' title='bbox 2499 4991 2743 5070; x_wconf 90' lang='lat' dir='ltr'><strong>quidem</strong></span> <span class='ocrx_word' id='word_1_346' title='bbox 2796 4993 3227 5071; x_wconf 78' lang='lat' dir='ltr'><strong>interpretatio</strong></span> <span class='ocrx_word' id='word_1_347' title='bbox 3279 4991 3358 5055; x_wconf 89' lang='lat' dir='ltr'><strong>de</strong></span> <span class='ocrx_word' id='word_1_348' title='bbox 3411 4995 3655 5055; x_wconf 79' lang='lat' dir='ltr'><strong>nomine</strong></span> <span class='ocrx_word' id='word_1_349' title='bbox 3708 4990 3942 5071; x_wconf 78' lang='lat' dir='ltr'><strong>Adam3</strong></span> <span class='ocrx_word' id='word_1_350' title='bbox 4001 4988 4080 5053; x_wconf 85' lang='lat' dir='ltr'><strong>ad</strong></span> 
     </span>
     <span class='ocr_line' id='line_1_34' title="bbox 1202 5090 4075 5172; baseline -0 -21"><span class='ocrx_word' id='word_1_351' title='bbox 1202 5112 1384 5170; x_wconf 89' lang='lat' dir='ltr'><strong>quam</strong></span> <span class='ocrx_word' id='word_1_352' title='bbox 1426 5091 1665 5153; x_wconf 83' lang='lat' dir='ltr'><strong>accedit</strong></span> <span class='ocrx_word' id='word_1_353' title='bbox 1704 5091 2139 5169; x_wconf 84' lang='lat' dir='ltr'><strong>Hieronymus,</strong></span> <span class='ocrx_word' id='word_1_354' title='bbox 2181 5091 2355 5151; x_wconf 88' lang='lat' dir='ltr'><strong>cuius</strong></span> <span class='ocrx_word' id='word_1_355' title='bbox 2395 5093 2586 5153; x_wconf 86' lang='lat' dir='ltr'><strong>verba</strong></span> <span class='ocrx_word' id='word_1_356' title='bbox 2612 5091 2892 5152; x_wconf 84' lang='lat' dir='ltr'><strong>Isidorus</strong></span> <span class='ocrx_word' id='word_1_357' title='bbox 2927 5091 3326 5170; x_wconf 86' lang='lat' dir='ltr'><strong>Hispalensis</strong></span> <span class='ocrx_word' id='word_1_358' title='bbox 3371 5091 3570 5172; x_wconf 70' lang='lat' dir='ltr'><strong>(Or-iq.</strong></span> <span class='ocrx_word' id='word_1_359' title='bbox 3611 5091 3683 5152; x_wconf 89' lang='lat' dir='ltr'><strong>L.</strong></span> <span class='ocrx_word' id='word_1_360' title='bbox 3726 5090 3874 5170; x_wconf 88' lang='lat' dir='ltr'><strong>VH,</strong></span> <span class='ocrx_word' id='word_1_361' title='bbox 3917 5111 3968 5151; x_wconf 91' lang='grc'><strong>0.</strong></span> <span class='ocrx_word' id='word_1_362' title='bbox 4012 5091 4075 5171; x_wconf 89' lang='grc'><strong>6)</strong></span> 
     </span>
     <span class='ocr_line' id='line_1_35' title="bbox 1200 5189 4081 5269; baseline -0.001 -16"><span class='ocrx_word' id='word_1_363' title='bbox 1200 5190 1425 5254; x_wconf 87' lang='lat' dir='ltr'><strong>refert:</strong></span> <span class='ocrx_word' id='word_1_364' title='bbox 1474 5213 1505 5249; x_wconf 90' lang='lat'><strong>‹</strong></span> <span class='ocrx_word' id='word_1_365' title='bbox 1528 5189 1729 5251; x_wconf 85' lang='lat' dir='ltr'><strong>Adam</strong></span> <span class='ocrx_word' id='word_1_366' title='bbox 1734 5234 1827 5251; x_wconf 83' lang='grc'><strong>.....</strong></span> <span class='ocrx_word' id='word_1_367' title='bbox 1869 5189 2049 5251; x_wconf 88' lang='lat' dir='ltr'><strong>homo</strong></span> <span class='ocrx_word' id='word_1_368' title='bbox 2094 5190 2229 5252; x_wconf 85' lang='lat' dir='ltr'><strong>sive</strong></span> <span class='ocrx_word' id='word_1_369' title='bbox 2270 5196 2572 5267; x_wconf 84' lang='lat' dir='ltr'><strong>terrenus,</strong></span> <span class='ocrx_word' id='word_1_370' title='bbox 2616 5191 2751 5252; x_wconf 86' lang='lat' dir='ltr'><strong>sive</strong></span> <span class='ocrx_word' id='word_1_371' title='bbox 2792 5197 2960 5251; x_wconf 84' lang='lat' dir='ltr'><strong>terra</strong></span> <span class='ocrx_word' id='word_1_372' title='bbox 2997 5192 3189 5252; x_wconf 84' lang='lat' dir='ltr'><strong>rubea</strong></span> <span class='ocrx_word' id='word_1_373' title='bbox 3215 5190 3659 5269; x_wconf 82' lang='lat' dir='ltr'><strong>interpretatur</strong></span> <span class='ocrx_word' id='word_1_374' title='bbox 3683 5212 3715 5248; x_wconf 84' lang='lat'><strong>›</strong></span> <span class='ocrx_word' id='word_1_375' title='bbox 3759 5223 3842 5237; x_wconf 89' lang='lat'><strong>—-</strong></span> <span class='ocrx_word' id='word_1_376' title='bbox 3884 5195 3905 5229; x_wconf 74' lang='lat'><strong>⁹</strong></span> <span class='ocrx_word' id='word_1_377' title='bbox 3934 5208 4081 5249; x_wconf 87' lang='lat' dir='ltr'><strong>nun-</strong></span> 
     </span>
     <span class='ocr_line' id='line_1_36' title="bbox 1201 5287 4082 5368; baseline -0.001 -18"><span class='ocrx_word' id='word_1_378' title='bbox 1201 5289 1412 5368; x_wconf 84' lang='lat' dir='ltr'><strong>cupari</strong></span> <span class='ocrx_word' id='word_1_379' title='bbox 1451 5324 1534 5334; x_wconf 93' lang='lat'><strong>—-</strong></span> <span class='ocrx_word' id='word_1_380' title='bbox 1573 5297 1595 5329; x_wconf 80' lang='lat'><strong>⁸</strong></span> <span class='ocrx_word' id='word_1_381' title='bbox 1638 5288 1968 5350; x_wconf 87' lang='lat' dir='ltr'><strong>conformis</strong></span> <span class='ocrx_word' id='word_1_382' title='bbox 2012 5287 2236 5349; x_wconf 81' lang='lat' dir='ltr'><strong>effecta</strong></span> <span class='ocrx_word' id='word_1_383' title='bbox 2275 5294 2390 5349; x_wconf 86' lang='lat' dir='ltr'><strong>est.</strong></span> <span class='ocrx_word' id='word_1_384' title='bbox 2434 5287 2669 5367; x_wconf 85' lang='lat' dir='ltr'><strong>gloriae</strong></span> <span class='ocrx_word' id='word_1_385' title='bbox 2726 5288 2996 5367; x_wconf 84' lang='lat' dir='ltr'><strong>spiritali</strong></span> <span class='ocrx_word' id='word_1_386' title='bbox 3038 5294 3138 5350; x_wconf 88' lang='lat' dir='ltr'><strong>est</strong></span> <span class='ocrx_word' id='word_1_387' title='bbox 3179 5288 3514 5349; x_wconf 85' lang='lat' dir='ltr'><strong>secundum</strong></span> <span class='ocrx_word' id='word_1_388' title='bbox 3568 5287 3959 5367; x_wconf 82' lang='lat' dir='ltr'><strong>apostolum·;</strong></span> <span class='ocrx_word' id='word_1_389' title='bbox 3999 5322 4082 5334; x_wconf 89' lang='lat'><strong>—-</strong></span> 
     </span>
     <span class='ocr_line' id='line_1_37' title="bbox 1202 5385 4079 5466; baseline 0 -19"><span class='ocrx_word' id='word_1_390' title='bbox 1202 5396 1224 5428; x_wconf 82' lang='lat'>⁴</span> <span class='ocrx_word' id='word_1_391' title='bbox 1256 5387 1481 5449; x_wconf 82' lang='lat' dir='ltr'><strong>Genes.</strong></span> <span class='ocrx_word' id='word_1_392' title='bbox 1523 5387 1610 5466; x_wconf 84' lang='grc' dir='ltr'><strong>Π,</strong></span> <span class='ocrx_word' id='word_1_393' title='bbox 1652 5407 1712 5449; x_wconf 86' lang='lat' dir='ltr'><strong>v.</strong></span> <span class='ocrx_word' id='word_1_394' title='bbox 1755 5388 1835 5463; x_wconf 80' lang='lat'><strong>23</strong></span> <span class='ocrx_word' id='word_1_395' title='bbox 1861 5422 1942 5433; x_wconf 89' lang='lat'>—</span> <span class='ocrx_word' id='word_1_396' title='bbox 1971 5395 1993 5427; x_wconf 80' lang='lat'>⁶</span> <span class='ocrx_word' id='word_1_397' title='bbox 2023 5407 2142 5464; x_wconf 86' lang='lat' dir='ltr'><strong>qua</strong></span> <span class='ocrx_word' id='word_1_398' title='bbox 2182 5422 2263 5432; x_wconf 93' lang='lat'>—</span> <span class='ocrx_word' id='word_1_399' title='bbox 2305 5394 2329 5427; x_wconf 82' lang='lat'>⁶</span> <span class='ocrx_word' id='word_1_400' title='bbox 2358 5386 2435 5446; x_wconf 88' lang='lat' dir='ltr'><strong>In</strong></span> <span class='ocrx_word' id='word_1_401' title='bbox 2477 5386 2611 5447; x_wconf 89' lang='lat' dir='ltr'><strong>cod.</strong></span> <span class='ocrx_word' id='word_1_402' title='bbox 2654 5393 3007 5448; x_wconf 80' lang='lat' dir='ltr'><strong>constanter</strong></span> <span class='ocrx_word' id='word_1_403' title='bbox 3049 5386 3372 5448; x_wconf 83' lang='lat' dir='ltr'><strong>scribitur:</strong></span> <span class='ocrx_word' id='word_1_404' title='bbox 3414 5385 3599 5447; x_wconf 89' lang='lat' dir='ltr'><strong>michi</strong></span> <span class='ocrx_word' id='word_1_405' title='bbox 3624 5421 3707 5432; x_wconf 91' lang='lat'><strong>—</strong></span> <span class='ocrx_word' id='word_1_406' title='bbox 3732 5395 3753 5426; x_wconf 83' lang='lat'>⁷</span> <span class='ocrx_word' id='word_1_407' title='bbox 3781 5386 3956 5447; x_wconf 85' lang='lat' dir='ltr'><strong>Paul.</strong></span> <span class='ocrx_word' id='word_1_408' title='bbox 4000 5385 4079 5446; x_wconf 82' lang='lat' dir='ltr'><strong>ad</strong></span> 
     </span>
     <span class='ocr_line' id='line_1_38' title="bbox 1200 5482 4078 5564; baseline -0.001 -19"><span class='ocrx_word' id='word_1_409' title='bbox 1200 5485 1427 5564; x_wconf 80' lang='lat' dir='ltr'><strong>EpheS.</strong></span> <span class='ocrx_word' id='word_1_410' title='bbox 1468 5485 1547 5564; x_wconf 88' lang='lat' dir='ltr'><strong>V,</strong></span> <span class='ocrx_word' id='word_1_411' title='bbox 1589 5486 1666 5544; x_wconf 84' lang='lat'><strong>32</strong></span> <span class='ocrx_word' id='word_1_412' title='bbox 1708 5519 1791 5530; x_wconf 90' lang='lat'>—</span> <span class='ocrx_word' id='word_1_413' title='bbox 1832 5492 1853 5525; x_wconf 81' lang='lat'>⁸</span> <span class='ocrx_word' id='word_1_414' title='bbox 1883 5504 2127 5545; x_wconf 81' lang='lat' dir='ltr'><strong>carnem</strong></span> <span class='ocrx_word' id='word_1_415' title='bbox 2167 5519 2247 5529; x_wconf 91' lang='lat'><strong>-—</strong></span> <span class='ocrx_word' id='word_1_416' title='bbox 2287 5492 2311 5526; x_wconf 78' lang='lat'>⁹</span> <span class='ocrx_word' id='word_1_417' title='bbox 2342 5483 2565 5545; x_wconf 78' lang='lat' dir='ltr'><strong>Matth.</strong></span> <span class='ocrx_word' id='word_1_418' title='bbox 2609 5505 2660 5544; x_wconf 91' lang='grc'><strong>0.</strong></span> <span class='ocrx_word' id='word_1_419' title='bbox 2715 5485 2901 5563; x_wconf 88' lang='grc' dir='ltr'><strong>ΧΙΧ,</strong></span> <span class='ocrx_word' id='word_1_420' title='bbox 2941 5486 2983 5544; x_wconf 91' lang='grc'><strong>4</strong></span> <span class='ocrx_word' id='word_1_421' title='bbox 3027 5519 3100 5530; x_wconf 91' lang='grc'>-</span> <span class='ocrx_word' id='word_1_422' title='bbox 3147 5493 3194 5525; x_wconf 87' lang='lat'><strong>¹⁰</strong></span> <span class='ocrx_word' id='word_1_423' title='bbox 3238 5482 3317 5545; x_wconf 86' lang='lat' dir='ltr'><strong>de</strong></span> <span class='ocrx_word' id='word_1_424' title='bbox 3359 5503 3540 5546; x_wconf 79' lang='lat' dir='ltr'><strong>carne</strong></span> <span class='ocrx_word' id='word_1_425' title='bbox 3582 5504 3737 5546; x_wconf 80' lang='lat' dir='ltr'><strong>mea.</strong></span> <span class='ocrx_word' id='word_1_426' title='bbox 3789 5482 4078 5562; x_wconf 81' lang='lat' dir='ltr'><strong>Sequitur</strong></span> 
     </span>
     <span class='ocr_line' id='line_1_39' title="bbox 1201 5581 2888 5662; baseline 0 -18"><span class='ocrx_word' id='word_1_427' title='bbox 1201 5604 1346 5662; x_wconf 86' lang='lat' dir='ltr'><strong>ergo</strong></span> <span class='ocrx_word' id='word_1_428' title='bbox 1386 5619 1468 5630; x_wconf 94' lang='lat'>—</span> <span class='ocrx_word' id='word_1_429' title='bbox 1512 5592 1555 5625; x_wconf 89' lang='lat'><strong>¹¹</strong></span> <span class='ocrx_word' id='word_1_430' title='bbox 1599 5583 1776 5645; x_wconf 77' lang='lat' dir='ltr'><strong>Paul.</strong></span> <span class='ocrx_word' id='word_1_431' title='bbox 1820 5581 1898 5644; x_wconf 83' lang='lat' dir='ltr'><strong>ad</strong></span> <span class='ocrx_word' id='word_1_432' title='bbox 1939 5582 2169 5662; x_wconf 83' lang='lat' dir='ltr'><strong>Ephes.</strong></span> <span class='ocrx_word' id='word_1_433' title='bbox 2212 5582 2289 5661; x_wconf 88' lang='lat' dir='ltr'><strong>V,</strong></span> <span class='ocrx_word' id='word_1_434' title='bbox 2335 5583 2416 5642; x_wconf 84' lang='lat'><strong>30</strong></span> <span class='ocrx_word' id='word_1_435' title='bbox 2455 5617 2537 5630; x_wconf 91' lang='lat'><strong>—-</strong></span> <span class='ocrx_word' id='word_1_436' title='bbox 2581 5590 2626 5623; x_wconf 77' lang='lat'><strong>¹²</strong></span> <span class='ocrx_word' id='word_1_437' title='bbox 2672 5627 2764 5645; x_wconf 91' lang='grc'><strong>.....</strong></span> <span class='ocrx_word' id='word_1_438' title='bbox 2767 5603 2888 5644; x_wconf 86' lang='grc'><strong>11111.</strong></span> 
     </span>
    </p>
   </div>
   <div class='ocr_carea' id='block_1_3' title="bbox 4576 1436 4588 2503">
    <p class='ocr_par' dir='ltr' id='par_1_5' title="bbox 4576 1436 4588 2503">
     <span class='ocr_line' id='line_1_40' title="bbox 4576 1436 4588 2503; baseline 0 0"><span class='ocrx_word' id='word_1_439' title='bbox 4576 1436 4588 2503; x_wconf 95' lang='lat' dir='ltr'><strong> </strong></span> 
     </span>
    </p>
   </div>
   <div class='ocr_carea' id='block_1_4' title="bbox 4565 2772 4598 6619">
    <p class='ocr_par' dir='ltr' id='par_1_6' title="bbox 4565 2772 4598 6619">
     <span class='ocr_line' id='line_1_41' title="bbox 4565 2772 4598 6619; baseline 0 0"><span class='ocrx_word' id='word_1_440' title='bbox 4565 2772 4598 6619; x_wconf 95' lang='lat' dir='ltr'><strong> </strong></span> 
     </span>
    </p>
   </div>
  </div>
 </body>
</html>
