4642 6650
1181 754 1310 820 130
2356 774 2557 820 661111
2600 775 2880 823 nucem

1174 989 1344 1065 fons
1396 990 1622 1066 Iacob
1678 990 2190 1088 quadraginta
2244 994 2522 1069 cubitis
2585 995 2814 1088 altus,
2873 996 2966 1071 de
3021 1018 3174 1093 quo
3230 996 3602 1072 Dominus
3659 1021 3941 1095 aquam
4001 1024 4049 1075 a

1173 1113 1493 1189 muliere
1549 1116 2018 1191 samaritana
2072 1122 2333 1214 petere
2390 1118 2748 1214 dignatus
2805 1123 2944 1196 est.

1337 1240 1562 1333 (Per.)
1620 1241 1791 1316 Duo
1847 1244 2108 1317 antem
2164 1244 2494 1318 miliaria
2547 1245 2862 1322 ecclesia
2906 1244 3059 1320 ista
3113 1246 3353 1320 distat
3388 1245 3487 1320 ab
3524 1248 3791 1323 eadem
3833 1249 4044 1340 villa,

1176 1387 1373 1462 quae
1427 1366 1610 1440 olim
1665 1367 1870 1442 dicta
1914 1371 2035 1443 est
2072 1367 2419 1466 Sychem.
2459 1370 2528 1443 A
2564 1369 2789 1466 longe
2826 1392 3007 1446 vero
3046 1371 3144 1445 ab
3185 1371 3449 1466 eadem
3508 1373 3821 1448 ecclesia
3873 1397 4047 1471 pas·

1175 1513 1303 1565 sus
1359 1492 1820 1588 quingentos
1875 1496 1995 1569 est
2049 1495 2389 1586 ecclesia,
2448 1496 2528 1569 in
2583 1520 2735 1591 qua
2788 1495 3197 1591 requiescit
3251 1500 3557 1574 sanctus
3612 1497 3884 1596 Ioseph
3916 1492 3965 1575 ¹.

1337 1618 1458 1708 (B.
1491 1619 1804 1710 0.XV1)
1858 1619 2099 1694 Locus
2136 1623 2401 1698 autem
2436 1620 2590 1712 ille,
2631 1621 2712 1694 in
2760 1643 2911 1718 quo
2959 1621 3329 1696 Dominus
3374 1645 3609 1718 panes
3663 1624 4053 1701 benedixit

1178 1746 1261 1818 et
1313 1743 1566 1841 fregit,
1624 1746 1817 1819 citra
1871 1769 2083 1821 mare
2153 1746 2494 1822 Galileae
2548 1747 2647 1820 ad
2710 1746 3143 1842 aquilonem
3199 1748 3537 1824 civitatis
3603 1749 4045 1849 Tyberiadis

1177 1888 1486 1964 campus
1548 1868 1912 1944 herbosus
1981 1875 2061 1946 et
2123 1871 2424 1968 planus,
2489 1893 2905 1967 numquam
2974 1894 3068 1947 ex
3135 1873 3268 1947 illo
3338 1876 3682 1969 tempore
3754 1879 4043 1966 aratuS,

1179 1993 1397 2068 nulla
1448 1995 1737 2069 habens
1792 1996 2158 2088 aedificia,
2217 1997 2515 2071 fontem
2569 1999 2905 2087 tantum,
2942 2021 3037 2074 ex
3084 2001 3453 2095 quo.tunc
3506 1999 3621 2073 1111
3657 2000 4044 2094 biberunt,

1180 2119 1605 2196 ostendens.
1667 2122 1811 2208 Qui
1864 2145 2042 2218 ergo
2098 2123 2198 2198 ab
2252 2122 2670 2199 Ierusalem
2726 2123 3262 2221 Gapharnaum
3296 2128 3651 2221 pergunt,
3706 2148 3842 2221 per
3895 2126 4050 2224 Ty-

1177 2243 1570 2320 beriadem
1624 2246 1773 2320 iter
1824 2247 2135 2339 habent,
2176 2246 2447 2324 deinde
2483 2270 2698 2324 secus
2735 2271 2945 2325 mare
2984 2249 3346 2342 Galileae,
3386 2253 3468 2325 et
3514 2251 3768 2325 1661116
3819 2252 4044 2327 bene-

1183 2368 1536 2444 dictionis
1589 2394 1897 2467 panum,
1934 2397 1982 2447 a
2019 2395 2172 2470 quo
2209 2396 2365 2448 non
2401 2374 2626 2469 longe
2662 2375 2933 2451 civitas
2971 2374 3505 2471 Capharnaum
3545 2399 3853 2449 murum
3894 2398 4050 2452 non

1181 2495 1492 2587 11611666,
1549 2501 1878 2593 angusto
1932 2498 2136 2573 inter
2205 2502 2547 2574 montem
2603 2503 2686 2574 et
2738 2503 3099 2596 stagnum
3153 2502 3335 2591 situ,
3392 2522 3526 2596 per
3582 2501 4046 2576 maritimam

1188 2644 1401 2696 oram
1448 2624 1817 2699 orientem
1853 2646 2116 2700 versus
2151 2625 2380 2722 longo
2417 2626 2731 2717 tramite
2768 2625 3291 2723 protenditur,
3320 2629 3661 2701 montem
3697 2627 3795 2701 ab
3833 2628 4047 2723 aqui·

1182 2747 1382 2841 lone,
1438 2749 1687 2825 lacum
1742 2750 1838 2824 ab
1895 2754 2158 2826 austro
2213 2751 2525 2827 habens.
2581 2751 2968 2827 Nazareth
3028 2776 3337 2827 murum
3390 2775 3546 2828 666
3600 2753 3857 2845 habet,
3914 2754 4049 2832 sed.

1181 2898 1461 2971 magna
1513 2875 1879 2967 aedificia,
1938 2877 2277 2975 duasque
2329 2879 2652 2974 grandes
2707 2878 3083 2970 ecclesias,
3132 2902 3366 2952 unam
3421 2878 3503 2952 in
3555 2879 3808 2955 medio
3864 2880 4048 2955 civi-

1186 2999 1400 3091 tatiS,
1457 3021 1687 3095 supra
1740 2999 1930 3075 duos
1974 3000 2300 3075 fundata
2336 3022 2668 3094 6666166,
2710 3002 2841 3075 6111
2880 3002 3266 3099 quondam
3302 3002 3558 3076 fuerat
3612 3002 3906 3095 domus,
3962 3003 4043 3076 in

1187 3148 1341 3220 qua
1395 3124 1766 3200 Dominus
1818 3126 2161 3201 nutritus
2197 3131 2317 3202 est
2352 3126 2628 3201 infans,
2667 3125 3171 3203 Haec'autem
3207 3127 3520 3202 ecclesia
3582 3127 3901 3219 duobus,
3960 3131 4051 3203 61,

1187 3249 1477 3324 (11611661
1532 3253 1650 3325 est
1696 3251 2038 3345 tumulis,
2075 3256 2157 3327 et
2192 3252 2661 3349 interpositis
2698 3254 3025 3330 arcubus
3065 3252 3405 3348 suffulta,
3443 3253 3681 3329 habet
3733 3253 4049 3330 inferius

1188 3375 1395 3450 inter
1445 3376 1748 3453 eosdem
1783 3378 2126 3453 tumulos
2161 3377 2456 3454 fontem
2489 3379 3066 3470 lucidissimum,
3105 3378 3307 3455 unde
3345 3401 3628 3475 aquam
3662 3378 3745 3454 in
3780 3402 4045 3455 vascu-

1181 3502 1279 3601 lis
1334 3523 1469 3599 per
1521 3503 1871 3589 trocheas
1923 3503 2006 3577 in
2042 3503 2355 3589 66616616
2389 3506 2773 3580 extraunt.
2815 3504 3086 3579 Altera
3120 3525 3304 3580 vero
3350 3509 3470 3580 est
3522 3504 3885 3598 ecclesia,.
3918 3505 4053 3580 6111

1185 3626 1452 3702 (161666
1507 3630 1701 3720 erat,
1758 3629 1839 3702 in
1894 3652 2048 3732 qua
2101 3630 2419 3726 angelus
2471 3633 2780 3706 sanctae
2833 3629 3126 3705 Mariae
3175 3630 3482 3705 locutus
3519 3633 3677 3719 est.

1345 3754 1570 3846 (Per.)
1604 3752 1975 3849 Spelunca
2011 3777 2193 3831 vero
2230 3755 2312 3829 in
2350 3778 2503 3853 qua
2540 3756 2926 3832 habitavit
2962 3748 3241 3852 magna
3277 3759 3397 3832 est
3440 3759 3522 3832 et
3563 3755 4048 3849 lucidissima,

1186 3877 1319 3952 ubi
1372 3881 1490 3954 est
1541 3880 1880 3975 positum
1917 3880 2306 3973 altarium,-
2346 3884 2428 3956 et
2463 3880 2574 3956 ibi
2608 3880 2818 3956 intra
2852 3881 3097 3977 ipsam
3148 3881 3588 3979 speluncam
3642 3885 3761 3956 est
3810 3881 4045 3974 locus,

1182 4002 1385 4079 unde
1438 4026 1719 4100 aquam
1754 4003 2102 4079 tollebat.
2142 4004 2233 4081 In
2270 4005 2542 4080 eadem
2578 4009 2842 4080 autem
2877 4004 3219 4096 civitate,
3257 4003 3393 4078 ubi
3429 4004 3583 4079 fuit
3634 4026 4046 4103 synagoga,

1181 4150 1384 4203 nunc
1437 4133 1557 4204 est
1609 4129 1943 4220 ecclesia,
2002 4130 2135 4213 ubi
2171 4130 2544 4206 Dominus
2578 4131 2768 4229 legit
2803 4131 3087 4205 librum
3139 4130 3456 4230 Esayae.
3517 4130 3734 4205 Foris
3788 4134 4051 4207 autem

1183 4254 1584 4330 castellum
1636 4254 1806 4329 fons
1860 4258 2000 4348 est,
2059 4255 2259 4331 unde
2313 4279 2593 4353 aquam
2648 4259 2914 4332 sancta
2967 4255 3320 4331 sumebat
3371 4254 3618 4330 Maria
3643 4246 3695 4329 ².

1347 4514 1367 4551 ¹
1407 4501 1631 4593 Locus,
1671 4513 1783 4577 ubi
1822 4516 2067 4579 Sichem
2104 4514 2140 4578 f
2138 4518 2244 4597 uit,
2285 4516 2545 4580 Eusebii
2582 4525 2860 4598 tempore
2902 4515 3008 4598 (ad
3057 4536 3117 4579 v.
3159 4516 3431 4597 Sichem)
3489 4515 3930 4579 ostendebatur
3976 4515 4044 4578 16

1183 4614 1553 4678 suburbanis
1591 4615 1961 4701 Neapoleos,
2002 4616 2176 4678 iuxta
2215 4618 2566 4697 sepulcrum
2604 4616 2835 4697 Ioseph
2877 4617 3091 4697 (Iosue
3141 4615 3388 4693 XXIV,
3443 4616 3587 4697 32):
3640 4616 3808 4694 quod
3861 4615 4053 4678 etiam

1183 4710 1572 4774 Theodosius
1612 4712 1912 4775 indicavit
1951 4713 2075 4795 (De
2113 4721 2160 4776 t.
2203 4734 2254 4776 s.
2296 4715 2355 4795 ξ.
2397 4714 2524 4795 27).

1331 4807 1368 4875 ,²
1410 4807 1585 4881 Quae
1625 4808 1693 4869 in
1731 4808 2044 4871 Nazareth
2083 4809 2280 4873 fnisse
2321 4810 2630 4889 dicuntur,
2657 4802 2914 4890 prorsus
2953 4811 3171 4890 ignota
3196 4817 3360 4890 sunt,
3391 4830 3589 4889 neque
3629 4830 3841 4873 eorum
3864 4809 4058 4872 vesti·

1183 4907 1357 4986 gium
1407 4908 1601 4968 ullum
1655 4894 2024 4988 inscriptis
2076 4910 2412 4989 reperitur:
2456 4909 2568 4972 sed
2621 4909 2777 4972 satis
2833 4909 3083 4988 antiqua
3131 4917 3198 4972 et
3253 4930 3330 4981 ex
3356 4902 3729 4988 ¹Peregrina
3788 4908 4061 4971 deducta

1185 5023 1325 5068 esse
1363 5003 1672 5067 videntur.
1715 5004 2081 5084 Speluncam
2122 5026 2161 5067 a
2198 5006 2464 5069 Domino
2506 5026 2646 5069 esse
2686 5005 3047 5087 habitatam,
3088 5006 3343 5068 traditio
3372 5006 3473 5068 vel
3493 5004 3795 5085 quaedam
3833 5005 4059 5084 religio

1184 5100 1508 5180 oppidanis
1546 5099 1685 5164 fuit.
1731 5102 1809 5163 In
1862 5122 2216 5182 synagogae
2266 5102 2424 5180 loco,
2465 5103 2574 5164 ubi
2627 5103 2673 5165 J
2677 5122 2822 5165 esus
2875 5103 3105 5165 librum
3156 5101 3363 5166 Isaiae
3414 5103 3590 5183 legit,
3619 5098 3967 5166 ‘ecclesiam
4022 5121 4062 5164 a

1184 5198 1543 5267 christianis
1585 5201 1914 5263 excitatam
1951 5201 2135 5263 facile
2176 5201 2554 5265 credendum
2594 5210 2710 5279 est,
2760 5221 2950 5280 quum
2975 5196 3205 5265 Anton.
3233 5222 3315 5264 m.
3346 5202 3484 5281 ejus
3515 5221 3871 5281 synagogae
3898 5220 4060 5261 men-

1183 5296 1418 5358 tionem
1455 5295 1664 5359 faciat.
1705 5297 1847 5360 Non
1884 5298 2193 5361 immerito
2233 5297 2374 5361 fons
2414 5319 2607 5379 prope
2628 5298 2958 5371 ‚Nazareth
3006 5305 3440 5360 commemorat
3479 5298 3841 5376 Peregrina,
3869 5317 4059 5376 quum

1185 5393 1254 5456 in
1293 5394 1830 5475 Proto-evangelio
1870 5416 1920 5459 s.
1941 5390 2172 5459 ⁴Iacobi
2232 5416 2293 5460 11.
2340 5399 2416 5458 12
2480 5396 2779 5477 scriptum
2839 5397 2943 5476 sit,
2991 5395 3306 5476 Angelum
3355 5396 3553 5477 primo
3607 5415 3745 5458 cum
3796 5395 4059 5476 Virgine

1186 5492 1356 5572 apud
1394 5491 1646 5572 fontem,
1688 5492 1914 5557 deinde
1953 5494 2120 5557 domi
2159 5494 2594 5574 colloquutum.
