4642 6650
1181 797 1395 843 xxvm
2437 790 2806 838 mmmmm

1184 1016 1554 1106 mentum,
1623 1013 1822 1110 quod
1899 1012 2308 1108 Peregrina
2372 1034 2508 1087 suo
2565 1012 2769 1108 stylo
2825 1012 3393 1102 commemorat,
3449 1008 3864 1106 praeterire
3919 1009 4051 1083 de-

1183 1149 1531 1230 bemus¹z
1581 1161 1612 1192 “
1659 1155 2157 1231 Pervenimus
2196 1158 2275 1230 in
2311 1157 2619 1231 nomine
2676 1155 2956 1230 Christi
2993 1155 3134 1230 Dei
3170 1153 3416 1228 nostri
3455 1153 3857 1228 Edessam:
3919 1153 4051 1227 ubi

1192 1359 1222 1391 ,,
1262 1324 1435 1377 cum
1482 1301 2105 1398 pervenissemus,
2147 1302 2415 1376 statim
2453 1301 2925 1397 perreximus
2981 1301 3080 1375 ad
3137 1299 3527 1376 ecclesiam
3583 1301 3664 1373 et
3718 1298 3814 1372 ad
3854 1322 4054 1373 mar-

1192 1501 1222 1533 „
1260 1445 1552 1541 tyrium
1592 1445 1838 1519 sancti
1876 1445 2211 1519 Thomae
2250 1501 2314 1533 „.
2357 1444 2782 1542 Distinguit
2835 1444 2972 1519 illa
3027 1466 3213 1520 sane
3269 1443 3731 1540 martyrium
3787 1444 3883 1517 ab
3940 1465 4057 1519 ec*

1184 1589 1449 1677 clesia3
1511 1587 1714 1684 quod
1770 1612 2008 1684 quum
2063 1589 2497 1686 sepulcrum
2553 1612 2610 1663 s.
2654 1589 2990 1664 Thomae
3026 1589 3107 1662 in
3146 1611 3424 1663 novam
3468 1587 3860 1663 ecclesiam
3895 1590 4054 1661 tra-

1184 1735 1468 1808 slatum
1524 1738 1720 1809 esset
1775 1756 1977 1807 anno
2038 1734 2190 1808 394
2234 1757 2281 1807 a
2318 1733 2516 1830 Cyro
2557 1735 2930 1832 episcopo,
2989 1737 3081 1808 ut
3135 1734 3216 1808 in
3273 1732 3645 1809 Chronico
3700 1733 4054 1809 edesseno

1185 1879 1490 1974 legitur,
1550 1899 1720 1953 eam
1761 1880 1995 1951 antea
2033 1876 2310 1953 vidisse
2349 1878 2707 1953 Edessam
2766 1878 2984 1953 nobis
3039 1878 3531 1953 statuendum
3589 1877 3920 1953 videtur.

1347 2022 1632 2096 Verum
1686 2022 1980 2095 nullam
2038 2021 2130 2096 de
2184 2021 2469 2095 arianis
2505 2022 2627 2098 vel
2669 2022 2760 2097 de
2817 1996 3083 2096 ariana
3121 2020 3201 2095 in
3241 2021 3654 2096 catholicos
3709 2042 4055 2117 persecu·

1184 2165 1397 2239 tione
1451 2164 1611 2237 ulla
1666 2162 2076 2259 Peregrina
2130 2164 2596 2241 mentionem
2652 2154 2856 2256 fecit,
2923 2165 3344 2261 pietatique
3399 2185 3582 2238 suae
3634 2164 3830 2238 nihil
3887 2187 4054 2238 um·

1187 2333 1418 2406 quam
1474 2307 2002 2403 impedimenti
2055 2308 2180 2383 vel
2236 2308 2670 2383 offensionis
2727 2309 3045 2383 invenit.
3124 2308 3395 2383 Omnia
3449 2328 3737 2414 pacem,
3798 2306 4057 2381 omnia

1186 2452 1629 2548 religionem
1684 2451 2074 2527 redolent:
2134 2452 2492 2527 ecclesiae
2549 2477 2596 2527 a
2652 2453 3044 2529 catholicis
3099 2453 3671 2550 frequentatam
3730 2450 4059 2548 episcopi

1187 2596 1269 2671 in
1324 2594 1537 2670 sedes
1592 2617 1768 2670 suas
1804 2570 2213 2685 ‘restituti3
2255 2598 2722 2672 monasteria
2758 2598 3220 2696 ubicumque
3267 2598 3542 2673 diffusa
3595 2596 4058 2692 minimeque

1191 2740 1675 2832 conturbata,
1696 2739 2029 2836 virgines
2058 2740 2217 2816 Deo
2249 2742 2681 2839 sanctisque
2711 2742 3038 2819 devotae
3058 2734 3109 2817 ².
3140 2743 3329 2817 Mihi
3365 2741 3559 2817 illud
3595 2726 3861 2817 iccirco
3890 2761 4057 2836 per·

1191 2885 1537 2983 spicuum
1574 2905 1734 2960 esse
1770 2884 2101 2977 videtur,
2164 2885 2370 2982 quod
2417 2896 2518 2960 'ea
2552 2889 2969 2982 tempestas
3008 2890 3230 2979 esset,
3272 2910 3505 2984 quum
3567 2887 3870 2960 mortuo
3909 2880 4060 2957 Va-

1191 3033 1425 3124 lente,
1482 3030 1954 3126 devictisque
2009 3031 2319 3124 arianiS,
2390 3055 2538 3128 pax
2597 3035 2767 3107 erat
2823 3033 3178 3109 ecclesiae
3233 3032 3533 3106 reddita
3589 3053 3636 3104 a
3690 3028 4059 3103 Gratiano

1192 3175 1548 3273 primum,
1586 3196 1764 3248 mox
1803 3199 1849 3248 a
1888 3174 2311 3250 Theodosio
2353 3197 2657 3289 magno.
2699 3158 2844 3261 Qui
2877 3174 3172 3271 legibus
3228 3175 3368 3250 sub
3426 3172 3724 3271 imperii
3761 3171 3880 3247 sui
3918 3171 4061 3245 ini-

1191 3322 1307 3396 tio
1359 3318 1891 3416 promulgatis,
1951 3341 2042 3394 ea
2097 3319 2550 3416 praesertim
2605 3344 2757 3416 qua
2813 3290 3016 3411 anno
3059 3321 3200 3396 381
3260 3320 3617 3397 ecclesiae
3671 3316 4062 3395 catholicis

1070 3531 1075 3534 .
1195 3464 1793 3538 restituerentur
1813 3454 1864 3556 ³,
1904 3486 2058 3537 non
2103 3464 2329 3566 modo
2371 3464 2463 3539 de
2520 3465 2805 3539 arianis
2861 3465 3266 3541 victoriam
3302 3465 3585 3563 paruit,
3642 3462 3771 3540 sed
3827 3461 4063 3537 etiam

1197 3587 1642 3681 diuturnam
1700 3606 1778 3680 in
1835 3607 2268 3683 discrimine
2314 3611 2541 3683 tanto
2598 3609 3251 3705 tranquillitatem
3289 3608 3715 3685 constituit.
3774 3605 4061 3693 Quibus

1197 3772 1288 3826 ex
1325 3749 1555 3862 rebus
1590 3749 1687 3822 ad
1723 3771 1886 3824 rem
1925 3751 2449 3845 spectantibus
2505 3754 2584 3824 et
2639 3753 2896 3826 mente
2952 3752 3360 3849 perpensiS,
3399 3752 3567 3827 loca
3621 3752 3887 3825 sancta
3932 3770 4064 3846 po-

1198 3893 1355 3969 tius
1421 3892 1823 3968 Theodosii
1881 3917 2112 3989 quam
2165 3892 2513 3968 Valentis
2569 3917 2759 3971 aevo
2815 3896 3306 3991 Peregrinam
3359 3895 3726 3969 lustrasse
3783 3895 4060 3990 putan-

1200 4038 1384 4112 dum
1439 4041 1577 4113 est.

1360 4183 1480 4257 Ad
1532 4181 1994 4258 sententiam
2051 4182 2359 4278 quidem
2414 4182 3008 4258 confirmandam
3072 4206 3227 4258 non
3280 4207 3550 4280 parum
3605 4181 3900 4258 confert
3936 4181 4060 4257 de-

1199 4327 1518 4404 claratio
1574 4326 1733 4418 illa,
1793 4349 1945 4421 qua
1999 4326 2299 4417 scimuS,
2359 4326 2741 4424 episcopos
2798 4331 2878 4402 et
2931 4319 3412 4403 Bathn'arum
3467 4330 3548 4404 et
3602 4327 3928 4403 Edessae
3984 4327 4065 4403 et

1202 4468 1631 4559 Carrarum,
1674 4491 1862 4566 quos
1919 4471 2046 4564 pia
2110 4471 2387 4544 mulier
2440 4470 2519 4544 in
2587 4494 2852 4546 eorum
2915 4471 3089 4549 sede
3153 4472 3532 4563 convenit,
3580 4470 4062 4562 confessoreS,

1202 4635 1335 4689 seu
1372 4613 1974 4709 persecutionem
2028 4635 2163 4707 pro
2221 4611 2369 4687 fide
2424 4635 2684 4688 omnes
2748 4635 3032 4709 passos,
3088 4612 3342 4687 fuisse.
3399 4612 3469 4686 A
3524 4634 3699 4710 quo,
3756 4634 4064 4710 quaeSO,

1203 4758 1627 4853 persecutio
1683 4759 1917 4833 haec‘l
1976 4757 2251 4832 Procul
2317 4757 2547 4846 dubio
2604 4782 2651 4832 a
2703 4757 3051 4847 Valente,
3110 4759 3268 4855 qui.
3312 4758 3504 4851 illos,
3577 4760 3669 4831 ut
3741 4759 4061 4849 constat,

1203 4904 1642 4979 earumdem
1683 4903 2088 4979 civitatum
2125 4904 2508 4998 episcopos
2537 4902 3089 4980 Abrahamium
3126 4903 3627 4995 Bathnarum,
3657 4901 4064 4998 Eulogium

1201 5046 1550 5138 Edessae,
1606 5046 2110 5144 Protogenem
2169 5046 2574 5123 Carrarum
2631 5068 2672 5122 e
2727 5046 3028 5122 sedibus
3084 5046 3547 5139 deturbavit,
3606 5044 3850 5137 eiecit,
3926 5042 4067 5119 aut

1367 5253 1387 5290 ²
1417 5253 1675 5333 Peregr.
1716 5274 1794 5334 μ’
1820 5255 1919 5333 64,
1958 5275 2017 5316 n.
2061 5256 2117 5316 3.

1362 5349 1389 5386 ²
1414 5351 1669 5431 Peregr.
1712 5372 1774 5432 p.
1817 5353 1926 5414 74:
1973 5374 2005 5412 ‹
2028 5351 2205 5414 Nihil
2245 5350 2580 5415 aliumdem
2620 5352 2752 5435 vidi
2790 5352 2915 5416 nisi
2951 5351 3327 5415 monasteria
3353 5350 3488 5415 sine
3510 5371 3765 5416 numero
3791 5351 4066 5416 virorum

1202 5469 1275 5512 ac
1314 5449 1662 5512 mulierum.
1685 5474 1717 5510 ›

1360 5547 1387 5585 ³
1412 5550 1554 5613 Non
1594 5550 1793 5613 solum
1832 5552 1898 5612 in
1937 5551 2205 5614 Arianos
2244 5551 2420 5630 leges
2462 5551 2855 5616 Theodosius
2898 5549 3111 5632 edixit,
3152 5551 3269 5615 sed
3306 5549 3514 5631 etiam,
3553 5556 3626 5613 ut
3667 5555 3768 5616 est
3811 5548 4065 5632 notissi-

1204 5668 1390 5726 mum,
1430 5648 1496 5710 in
1534 5649 1809 5729 reliquos
1850 5649 2199 5713 haereticos
2240 5649 2514 5714 orientis.
