4642 6650
1163 2959 1235 3016 15

1310 700 1391 764 16
1949 706 1952 709 ’
2563 721 2616 767 s,
2665 719 2919 767 mamm

4043 812 4178 823 a—fi-——b

1303 942 1472 1012 tum
1531 939 1783 1034 digne,
1822 961 1993 1013 cum
2051 961 2131 1014 se
2187 939 2265 1012 in
2303 938 2478 1015 fidei
2517 940 2955 1016 libertatem
3011 962 3105 1015 ex
3143 941 3744 1038 inreligiositatis
3793 943 4174 1017 servitute

1303 1064 1815 1138 transtulerit.
3727 1078 3736 1084 '

2443 1328 2447 1332 *
2528 1320 2638 1393 De
2695 1320 2960 1411 Moyse.

1460 1567 1715 1643 Editio
1754 1588 2009 1641 rerum
2051 1568 2129 1641 in
2169 1569 2431 1665 Moyse
2469 1571 2864 1663 gestarum
2905 1572 3217 1665 coeptae
3258 1592 3559 1665 quoque
3601 1571 3756 1643 iam
3794 1571 3890 1643 ab
3927 1569 4178 1643 Adam

1296 1693 1958 1791 praefigurationis
2015 1693 2357 1769 ordinem
2411 1694 2705 1783 tenuit3
2771 1698 2852 1768 et
2907 1695 3221 1790 dignum
3260 1696 3402 1769 hoc
3442 1695 3952 1769 misericordia
4009 1695 4170 1783 Dei,

1296 1823 1390 1893 ut
1444 1821 1787 1894 omnium
1840 1820 2455 1915 patriarcharum
2539 1842 2853 1893 suorum
2921 1823 3138 1916 gesta
3219 1820 3300 1892 in
3357 1821 3840 1916 aliquantum
3895 1820 4176 1916 perfec-

1296 1946 1585 2021 tionem
1659 1969 1948 2036 eorum,
2034 1968 2230 2041 quae
2293 1945 2375 2019 in
2431 1945 2756 2019 Domino
2813 1947 3075 2019 nostro
3132 1946 3648 2019 consumanda
3702 1950 3946 2037 erant,
4004 1947 4172 2019 imi·

1293 2075 1673 2146 tarentur.
1733 2072 1844 2146 Ea
1900 2072 2134 2162 enim,
2193 2093 2389 2166 quae
2448 2071 2528 2143 in
2585 2091 2738 2143 uno
2778 2071 2936 2160 illo,
2975 2073 3055 2145 et
3108 2092 3240 2164 per
3278 2095 3518 2144 unum
3574 2070 3816 2161 illum,
3874 2071 4172 2167 expleta

1293 2199 1497 2290 sunt,
1556 2220 1691 2291 per
1744 2196 2026 2292 species
2093 2198 2174 2271 et
2236 2199 2589 2290 tempora
2645 2198 2725 2269 et
2799 2197 3329 2290 generationes
3396 2195 4016 2290 praeformantur
4081 2217 4168 2270 ex

1288 2323 1569 2418 aliquo.
1627 2321 1893 2417 Neque
1948 2322 2149 2396 enim
2206 2324 2330 2394 tot
2382 2320 2859 2395 saeculorum
2916 2319 3250 2393 imitatio
3312 2320 3673 2415 consequi
3759 2321 4016 2414 potuit
4068 2319 4168 2410 id,

1252 2447 1492 2542 *quod
1545 2447 1626 2519 in
1684 2468 1835 2520 uno
1892 2446 2023 2519 illo
2081 2449 2198 2520 est
2255 2445 2650 2520 veritatis:
2693 2444 2825 2518 sed
2863 2447 3130 2517 tamen
3169 2445 3371 2518 nihil
3428 2447 3540 2519 ita
3578 2445 3659 2518 in
3698 2445 4013 2540 singulis
4049 2446 4171 2520 vel

1291 2596 1424 2667 per
1478 2573 1815 2668 singulos
1869 2575 2170 2667 gestum
2232 2574 2371 2661 est,
2432 2573 2525 2644 ut
2569 2593 2726 2645 non
2783 2591 2896 2660 ea,
2937 2587 3134 2664 quae
3172 2571 3545 2666 deincepS,
3587 2575 3728 2645 aut
3780 2593 3917 2668 per
3971 2595 4168 2664 eum,

1290 2700 1430 2770 aut
1482 2700 1564 2770 in
1619 2719 1733 2788 ee,
1791 2699 2315 2772 consummata
2370 2698 2576 2785 sunt,
2633 2717 2866 2790 prope
2920 2696 3163 2789 ipsam
3217 2699 3610 2790 gestorum
3652 2697 4168 2792 praesentium

1289 2821 1806 2895 imitationem
1861 2821 2357 2915 loquerentur
2389 2810 2436 2893 ¹.

1397 2947 1695 3043 Moyses
1728 2948 1846 3020 est
1874 2945 2074 3020 enim
2107 2947 2337 3018 natus
2369 2966 2456 3019 eo
2488 2947 2858 3038 tempore,
2901 2966 3052 3039 quo
3094 2966 3353 3027 omnes
3380 2938 3406 2979 ²
3444 2944 3842 3018 masculini
3891 2944 3900 3036 Ι
3950 2966 4170 3019 sexus

1291 3072 1537 3147 editos
1576 3072 1876 3145 Pharao
1916 3070 2171 3145 necari
2207 3073 2744 3165 praeceperat:
2788 3091 2924 3164 per
2951 3071 3246 3163 lignum
3286 3092 3530 3166 aquae
3558 3061 3585 3104 ³
3621 3071 3981 3144 innatans
4020 3072 4166 3143 dux

1286 3198 1565 3295 populo
1604 3173 2065 3273 reservatdr.
2108 3197 2382 3269 Odium
2420 3199 2504 3269 et
2559 3199 2810 3269 metus
2868 3196 3067 3291 regis
3111 3196 3483 3291 numquid
3537 3218 3690 3269 non
3747 3220 3885 3291 par
3939 3199 4169 3291 atque

1286 3324 1489 3399 idem
1543 3325 1887 3420 tempore
1944 3344 2059 3413 eo,
2103 3346 2253 3419 quo
2294 3322 2666 3396 Dominus
2706 3324 2968 3397 noster
3004 3322 3418 3397 secundum
3456 3322 3841 3397 hominem
3880 3325 3996 3397 est
4033 3346 4164 3396 na-

1284 3454 1438 3542 tm,
1479 3454 1767 3527 exarsit
1802 3451 1882 3523 in
1921 3441 2291 3525 eundem⁴
2320 3449 2537 3523 nobis
2571 3448 2983 3544 hominem,
3016 3471 3242 3544 quem
3279 3445 3704 3544 adsumpsit
3749 3471 3885 3545 per
3921 3472 4165 3523 sacra-

1285 3584 1634 3651 mentum
1700 3576 1888 3670 ligni
1943 3578 2182 3670 atque
2238 3596 2528 3669 aquae,
2587 3573 2667 3646 in
2738 3596 2818 3647 se
2873 3596 2962 3648 ac
3016 3574 3160 3647 sibi
3215 3574 3313 3646 ad
3369 3574 3770 3649 coelestem
3844 3575 4165 3669 gloriam

1286 3702 1742 3798 deputatum
1781 3704 1862 3775 et
1897 3721 2154 3796 regem
2195 3699 2544 3795 gentium
2582 3701 3093 3775 constitutum
3121 3691 3148 3733 ⁵
3168 3700 3196 3772 ‘l
3236 3699 3458 3773 Hunc
3487 3699 3756 3774 deinde
3788 3700 4167 3774 abluenda

1282 3827 1520 3902 fluvio
1549 3824 1969 3900 Pharaonis
1999 3823 2158 3899 filia
2186 3827 2520 3921 suscepit
2549 3825 2900 3922 Moysen3
2937 3848 3149 3901 soror
3178 3849 3351 3901 cum
3390 3826 3690 3899 adesset
3708 3816 3759 3916 ⁶,
3794 3826 4165 3900 nutricem

1284 3973 1379 4027 ex
1415 3950 1781 4025 Hebraeis
1809 3940 1838 3981 ⁷
1875 3949 2199 4043 optulit:
2241 3951 2571 4022 matrem
2614 3948 2884 4022 deinde
2925 3949 3298 4040 exhibuit,
3349 3948 3709 4022 alendum
3747 3949 3881 4022 illa
3918 3971 4163 4023 susce-

1281 4076 1435 4172 pit;
1496 4079 1576 4150 et
1630 4075 1928 4149 Pharao
1984 4073 2187 4149 filiae
2242 4074 2538 4165 retulit,
2582 4096 2808 4169 quem
2864 4078 3251 4170 receptum
3313 4073 3739 4169 adsumpsit
3777 4074 3856 4147 in
3896 4072 4160 4148 filium.

1280 4200 1521 4296 Iunge
1558 4222 1938 4297 personas,
1980 4221 2336 4294 compara
2374 4199 2687 4273 effectus
2715 4189 2768 4290 ⁸,
2808 4204 3025 4295 gesta
3081 4201 3403 4290 intuere,
3445 4200 3787 4274 invenies
3835 4200 3914 4272 in
3952 4221 4165 4296 prae-

1281 4324 1614 4399 sentium
1669 4322 2106 4397 imitatione
2163 4324 2792 4417 consequentium
2851 4324 3286 4400 veritatem.
3348 4322 3502 4397 Sub
3559 4324 3843 4419 Moysis
3880 4312 3908 4355 ⁹
3961 4322 4164 4397 enim

1281 4471 1537 4524 sorore
1573 4448 1693 4523 lex
1746 4468 1986 4542 usque
2026 4446 2126 4520 ad
2161 4450 2725 4522 sacramentum
2762 4449 2950 4544 ligni
2989 4453 3225 4544 atque
3264 4469 3509 4543 aquae
3566 4447 3952 4521 Christum
3991 4471 4160 4542 pro-

1280 4576 1541 4649 secuta
1569 4575 1709 4647 est.
1748 4571 1840 4644 In
1877 4572 2299 4646 Pharaonis
2338 4593 2519 4647 vero
2550 4570 2708 4645 filia
2738 4574 3083 4668 gentium
3120 4572 3366 4646 forma
3404 4575 3545 4663 est,
3579 4593 3773 4668 quae
3815 4573 4164 4666 quamvis

1278 4698 1689 4775 secundum
1727 4697 2092 4771 historiae
2145 4695 2374 4772 fidem
2412 4699 2814 4792 parvolum
2853 4699 3157 4791 viderit,
3195 4702 3458 4773 tamen
3495 4699 3768 4773 effectu
3809 4698 3968 4794 ipso
4007 4698 4159 4773 vir-

1275 4828 1527 4900 tutem
1566 4823 2009 4919 prophetiae
2046 4823 2396 4897 retinuit.
2440 4823 2593 4898 Lex
2634 4826 2837 4898 enim
2876 4824 3257 4914 ecclcsiae,
3302 4827 3700 4918 tamquam
3739 4822 4160 4896 Pharaonis

1276 4950 1502 5040 filiae,
1541 4971 2011 5046 synagogam
2068 4951 2151 5022 et
2206 4950 2673 5024 nutriculam
2731 4952 2811 5024 et
2867 4952 3195 5023 matrem
3250 4933 3568 5036 infantis
3626 4948 4014 5023 exhibuit:
4074 4969 4162 5022 ac

1275 5078 1382 5152 sic
1426 5075 1845 5172 spiritualis
1885 5075 2069 5149 ordo
2128 5079 2622 5152 conservatus
2679 5075 2758 5147 in
2795 5074 3028 5170 gestis
3070 5077 3206 5149 est.
3249 5074 3366 5148 Ab
3404 5075 3546 5148 hac
3601 5074 3804 5147 enim
3862 5075 4026 5169 lege
4083 5072 4160 5145 id

1438 5382 1455 5415 ¹
1488 5370 1814 5451 loquentur
1854 5406 1936 5419 —-
1977 5379 2000 5413 ²
2031 5370 2229 5433 omnis
2259 5405 2338 5417 —
2366 5379 2389 5413 ⁸
2418 5369 2628 5433 Verba
2663 5392 2780 5449 per
2807 5373 3043 5450 lignum
3086 5391 3282 5448 aquae
3325 5369 3522 5432 denuo
3564 5371 3885 5449 rescripta,
3929 5390 4050 5431 non
4079 5369 4157 5431 ab

1275 5479 1522 5535 auctore
1551 5472 1663 5535 sed
1694 5473 1772 5533 ab
1798 5471 2154 5534 amanuensi
2194 5477 2341 5532 sunt
2379 5470 2717 5550 repetenda
2755 5505 2834 5518 --
2878 5480 2901 5511 ⁴
2931 5470 2996 5530 in
3037 5469 3254 5531 eodem
3294 5504 3373 5517 --
3414 5479 3435 5510 ⁵
3466 5469 3800 5546 demutatO,
3845 5483 3909 5530 et
3948 5489 4158 5548 regem

1278 5571 1557 5649 gentium
1596 5569 1932 5633 constituto
1977 5603 2056 5616 —
2098 5578 2121 5611 Θ
2155 5568 2372 5632 aderet
2412 5605 2493 5617 --
2535 5578 2553 5611 ⁷
2587 5569 2847 5632 Ebraeis
2889 5602 2968 5617 --
3010 5575 3033 5609 ⁸
3063 5566 3322 5630 affectus
3368 5604 3437 5633 .—
3485 5578 3508 5610 ⁰
3539 5568 3817 5648 Moysae.
