4642 6650
1185 750 1268 816 70
2078 769 2132 813 s.
2179 767 2445 812 smvrm
2490 768 2983 814 renuentium-10

1184 987 1562 1085 martyrii,
1595 1009 1822 1083 quem
1854 986 2034 1061 dixi.
2066 986 2343 1082 Itaque
2363 987 2522 1061 Deo
2551 986 2863 1063 iubente
2889 987 2996 1062 sic
3023 988 3307 1080 evenit,
3338 992 3429 1063 ut
3455 989 3553 1063 ad
3581 988 3805 1082 diem,
3830 1012 4053 1086 quem

1181 1134 1320 1186 nec
1348 1113 1772 1208 sperabam,
1804 1113 1911 1186 ibi
1940 1112 2303 1187 venirem.
2338 1113 2684 1187 Fecimus
2712 1134 2892 1209 ergo
2922 1116 3002 1187 et
3038 1114 3147 1188 ibi
3174 1114 3496 1188 biduum
3524 1119 3837 1212 propter
3863 1115 4064 1191 diem

1181 1237 1562 1332 martyrii,
1620 1239 1701 1310 et
1755 1240 2068 1333 propter
2104 1236 2477 1312 visionem
2515 1241 2948 1311 sanctorum
2991 1238 3322 1330 illorum,
3365 1240 3497 1334 qui
3527 1238 3822 1334 dignati
3875 1242 4059 1313 sunt

1181 1362 1280 1436 ad
1335 1360 1831 1435 salutandum
1886 1362 2159 1437 libenti
2197 1363 2387 1437 satis
2426 1363 2681 1438 animo
2720 1385 2842 1437 me
2880 1363 3258 1460 suscipere
3294 1373 3375 1439 et
3428 1365 3742 1459 alloqui,
3781 1365 3863 1438 in
3909 1388 4061 1461 quo

1184 1509 1326 1583 ego
1382 1510 1537 1561 non
1592 1489 1965 1562 merebar.
2022 1488 2223 1562 Nam
2281 1492 2363 1564 et
2417 1489 2559 1585 ipsi
2616 1490 2883 1562 statim
2939 1492 3114 1584 post
3175 1493 3606 1586 martyrum
3668 1489 3869 1564 die'm
3925 1512 4062 1564 nec

1185 1612 1331 1688 visi
1384 1616 1567 1686 sunt
1602 1612 1733 1702 ibi,
1773 1612 1904 1687 sed
1942 1635 2118 1686 mox
2158 1614 2250 1688 de
2286 1616 2512 1689 nocte
2549 1614 2937 1709 petierunt
2976 1614 3391 1704 heremum,
3432 1617 3513 1689 et
3542 1614 4062 1709 unusquisque

1188 1760 1454 1814 eorum
1509 1739 1979 1813 monasteria
2033 1762 2195 1831 sua,
2236 1761 2433 1835 quae
2470 1739 2615 1813 sibi
2651 1739 3011 1814 habebat.
3050 1739 3142 1812 In
3180 1739 3344 1835 ipsa
3381 1715 3646 1858 aufflzem
3687 1738 4002 1813 civitate
4038 1730 4055 1772 ¹

1189 1867 1410 1939 extra
1458 1885 1739 1959 paucos
1777 1864 2085 1941 clericos
2122 1867 2204 1938 et
2241 1867 2546 1939 sanctos
2584 1863 3017 1955 monachos,
3058 1864 3122 1937 si
3160 1864 3294 1959 qui
3327 1866 3591 1937 tamen
3628 1862 3708 1935 in
3746 1863 4062 1938 civitate

1189 1992 1785 2081 commorantur,
1841 1988 2146 2086 penitus
2184 1990 2487 2062 nullum
2522 1987 3019 2063 christianum
3059 1987 3341 2080 inveni,
3382 1987 3515 2063 sed
3568 1990 3826 2062 totum
3878 2010 4060 2083 gen·
4096 1996 4107 2002 '

1186 2118 1306 2189 tes
1361 2117 1543 2188 sunt
1568 2105 1620 2189 ².
1659 2113 1859 2187 Nam
1897 2114 2096 2189 sicut
2132 2135 2270 2188 nos
2309 2135 2483 2188 cum
2520 2112 2793 2209 grandi
2829 2115 3263 2188 reverentia
3299 2112 3769 2188 attendimus
3810 2114 4062 2187 locum

1185 2240 1429 2331 illum,
1487 2239 1621 2314 ubi
1672 2239 2029 2336 primitus
2069 2238 2340 2313 domus
2378 2239 2623 2314 sancti
2652 2238 3007 2314 Abrahae
3045 2239 3222 2329 fuit,
3252 2261 3388 2335 pro
3425 2238 3795 2313 memoria
3833 2238 4064 2327 illius,

1187 2365 1302 2439 ita
1354 2367 1438 2440 et
1490 2365 1670 2439 illae
1708 2367 1974 2461 gentes
2009 2364 2209 2440 forte
2245 2365 2344 2438 ad
2381 2364 2590 2438 mille
2628 2386 2891 2459 passus
2930 2363 3024 2437 de
3064 2364 3379 2439 civitate
3416 2384 3589 2438 cum
3627 2361 3896 2458 grandi
3942 2385 4062 2437 re·

1190 2490 1538 2567 verentia
1573 2490 2005 2565 adtendunt
2029 2491 2307 2579 locum,
2338 2490 2472 2564 ubi
2501 2492 2681 2564 sunt
2709 2489 3121 2564 memoriae
3149 2489 3361 2564 Naor
3406 2492 3488 2563 et
3535 2489 3982 2563 Bathuhelis
4010 2480 4063 2564 ³.

1192 2616 1293 2690 Et
1348 2616 1711 2712 quoniam
1765 2615 2155 2711 episcopus
2192 2613 2398 2688 illius
2433 2614 2772 2690 civitatis
2809 2614 3033 2689 valde
3077 2615 3498 2689 instructus
3545 2619 3626 2691 et
3679 2614 3773 2689 de
3825 2613 4057 2708 scrip-

1192 2741 1391 2815 turis
1443 2740 1809 2836 requisivi
1846 2740 1943 2815 ab
1991 2760 2082 2815 eo
2121 2739 2415 2815 dicens:
2454 2761 2640 2832 rogo
2677 2742 2781 2831 te,
2825 2739 3153 2831 domine,
3193 2743 3283 2813 ut
3320 2735 3524 2814 dicas
3562 2739 3815 2831 michi,
3854 2739 4059 2835 quod

1195 2864 1535 2941 desidero
1572 2865 1860 2939 audire.
1900 2863 2002 2937 Et
2037 2864 2166 2940 ille
2203 2864 2359 2938 ait:
2400 2864 2518 2938 dic
2553 2863 2735 2956 filia,
2769 2864 2970 2960 quod
3001 2865 3137 2956 vis,
3178 2867 3260 2939 et
3295 2864 3541 2939 dicam
3578 2864 3747 2955 tibi,
3778 2863 3843 2938 si
3878 2864 4059 2939 scio.

1196 2989 1407 3066 Tunc
1435 3011 1574 3084 ego
1613 2989 1804 3064 dixi:
1835 2993 2185 3064 sanctum
2213 2990 2551 3065 Abraam
2587 3012 2761 3064 cum
2797 2994 3016 3087 patre
3044 2990 3297 3064 'Phara
3334 2993 3416 3064 et
3444 2989 3672 3064 Sarra
3708 3011 3946 3065 uxore
3982 2992 4070 3064 et

1200 3115 1398 3190 Loth
1435 3114 1699 3188 fratris
1734 3113 1892 3188 filio
1921 3114 2073 3188 scio
2113 3136 2245 3208 per
2281 3115 2694 3210 scripturas
2730 3114 2812 3187 in
2848 3137 2938 3190 eo
2976 3115 3140 3190 loco
3178 3113 3511 3205 venisse;
3554 3115 3628 3189 N
3630 3137 3766 3190 aor
3802 3117 4066 3189 autem

1199 3239 1324 3314 vel
1362 3238 1869 3312 Bathuhelem
1909 3260 2063 3312 non
2097 3238 2273 3335 legi,
2315 3238 2619 3335 quando
2656 3239 2739 3312 in
2774 3240 2926 3313 isto
2961 3239 3129 3314 loco
3164 3238 3654 3314 transierint:
3685 3238 3833 3313 nisi
3859 3238 4065 3336 quod

1200 3364 1344 3438 hoc
1398 3364 1646 3437 solum
1701 3363 1880 3454 scio,
1923 3364 2101 3459 quia
2129 3364 2616 3459 postmodum
2651 3387 2840 3461 puer
2875 3366 3151 3455 Abrae,
3190 3368 3285 3438 ut
3319 3368 3617 3461 peteret
3652 3364 4068 3439 Rebeccam

1200 3487 1441 3560 filiam
1477 3486 1926 3573 Bathuhelis
1963 3487 2103 3560 filii
2140 3488 2404 3563 Nahor
2443 3488 2597 3561 filio
2639 3488 2927 3562 domini
2963 3489 3083 3562 sui
3118 3489 3371 3562 Abrae
3427 3489 3505 3561 id
3556 3491 3675 3563 est
3710 3486 3957 3562 Ysaac
3992 3487 4075 3560 in

1199 3611 1486 3685 Charra
1521 3611 1843 3687 venerit.
1883 3610 2097 3685 Tunc
2124 3611 2238 3685 ait
2263 3611 2495 3686 michi
2525 3615 2835 3687 sanctus
2879 3613 3311 3709 episcopus:
3359 3634 3559 3705 vere,
3609 3612 3792 3704 filia,
3842 3612 4076 3707 scrip-

1197 3739 1370 3810 tum
1398 3739 1538 3827 est,
1560 3736 1759 3810 sicut
1786 3735 1995 3829 dicis,
2015 3736 2097 3808 in
2118 3735 2391 3812 Genesi
2419 3739 2767 3812 sanctum
2782 3735 3121 3811 Abraam
3149 3738 3271 3812 hic
3296 3738 3661 3814 transisse
3689 3760 3864 3813 cum
3889 3736 4075 3811 suis:

1200 3860 1275 3935 N
1277 3861 1506 3936 achor
1533 3864 1797 3936 autem
1836 3883 2009 3936 curn
2044 3863 2201 3935 suis
2240 3862 2366 3936 vel
2396 3862 2902 3938 Bathuhelem
2931 3885 3089 3938 non
3117 3862 3305 3937 dicit
3333 3863 3712 3958 scriptura
3739 3861 4076 3953 canoniS,

1201 4008 1353 4082 quo
1380 3989 1726 4081 tempore
1761 3986 2237 4061 transierint.
2281 3986 2429 4061 Sed
2466 3986 2875 4061 manifeste
2911 3986 3399 4083 postmodum
3438 3986 3561 4061 hic
3597 3986 4080 4061 transierunt

1200 4114 1282 4186 et
1306 4109 1475 4207 ipsi,
1505 4110 1831 4206 denique
1867 4114 1947 4185 et
1973 4112 2385 4186 memoriae
2415 4111 2725 4185 illorum
2752 4111 2876 4186 hic
2903 4114 3087 4186 sunt
3114 4111 3313 4186 forte
3337 4111 3434 4185 ad
3456 4111 3664 4184 mille
3694 4132 3958 4206 passus
3987 4109 4080 4183 de

1201 4233 1542 4309 civitate.
1582 4231 1784 4307 Nam
1821 4254 2000 4308 vere
2040 4235 2417 4330 scriptura
2454 4233 2597 4309 hoc
2629 4236 2992 4325 testatur,
3023 4234 3383 4329 quoniam
3422 4233 3520 4306 ad
3567 4231 4078 4329 accipiendam

1201 4360 1547 4431 sanctam
1577 4357 1991 4432 Rebeccam
2027 4358 2177 4432 huc
2214 4358 2515 4433 venerit
2549 4379 2740 4454 puer
2778 4356 3024 4432 sancti
3061 4357 3336 4447 Abrae,
3376 4359 3457 4431 et
3492 4355 3740 4431 denuo
3771 4357 4081 4430 sanctus

1202 4482 1429 4558 Iacob
1485 4482 1608 4557 hic
1661 4483 1983 4572 venerit,
2040 4482 2348 4579 quando
2405 4483 2696 4579 accepit
2748 4483 2944 4556 filias
2981 4483 3244 4556 Laban
3280 4481 3460 4578 syri.
3501 4480 3712 4556 Tunc
3766 4501 3906 4576 ego
3961 4501 4082 4554 re·

1206 4607 1504 4704 quisivi,
1539 4608 1671 4682 ubi
1705 4611 1904 4683 esset
1938 4611 2216 4704 puteus
2244 4609 2399 4701 ille,
2433 4609 2565 4682 ubi
2600 4611 2908 4684 sanctus
2935 4606 3167 4683 Iacob
3189 4609 3533 4703 potasset
3558 4627 3852 4702 pecora,
3884 4627 4083 4701 quae

1205 4731 1565 4828 pascebat
1599 4731 1884 4806 Rachel
1921 4731 2080 4806 filia
2115 4732 2376 4806 Laban
2412 4732 2546 4807 siri
2570 4724 2623 4807 ⁴.
2679 4731 2780 4806 Et
2827 4732 2940 4806 ait
2977 4731 3205 4807 michi
3240 4729 3672 4828 episcopus:
3730 4729 3812 4803 in
3865 4732 4082 4825 sexto

1207 4854 1537 4930 miliario
1568 4858 1686 4931 est
1722 4856 1897 4931 hinc
1922 4856 2132 4932 locus
2168 4856 2327 4954 ipse
2357 4857 2579 4932 iuxta
2626 4857 2903 4949 vicum,
2964 4857 3093 4953 qui
3150 4856 3302 4930 fuit
3347 4859 3536 4931 tunc
3581 4856 3767 4931 villa
3820 4854 4088 4930 Laban

1301 5132 1312 5141 .
1370 5094 1390 5131 ι
1659 5101 1673 5116 ·

1365 5192 1390 5229 ²
1418 5095 1947 5257 ghgrrghtiitgttiognrn
1987 5200 2262 5275 tempore
2304 5196 2602 5258 Chosrois
2645 5197 2723 5276 (a.
2756 5197 2899 5277 530)
2927 5197 3207 5276 plerique
3234 5215 3358 5257 non
3385 5202 3561 5258 erant
3588 5194 3947 5273 Christiani,
3976 5193 4090 5257 sed

1207 5291 1571 5355 idololatrae
1615 5294 1818 5375 (Proc.
1860 5294 1935 5355 Β.
1978 5294 2155 5357 Pers.
2197 5296 2251 5371 I,
2296 5316 2429 5375 cap.
2475 5296 2595 5376 13).

1365 5390 1391 5426 ³
1420 5390 1714 5469 Sepulcra
1760 5391 2008 5455 Nachor
2063 5392 2243 5472 (cod.
2298 5394 2515 5474 Naor)
2571 5401 2636 5456 et
2688 5393 3014 5455 Bathuelis
3068 5393 3135 5454 in
3186 5395 3421 5471 Haran,
3483 5393 3592 5455 ubi
3652 5392 3875 5455 morati
3941 5398 4090 5454 sunt

1211 5486 1392 5567 (Gen.
1435 5489 1656 5567 XXII,
1699 5496 1765 5551 et
1803 5490 2083 5570 XXIX).

1370 5587 1396 5623 ⁴
1424 5587 1580 5650 Gen.
1622 5588 1874 5665 XXIX,
1915 5608 1975 5651 v.
2018 5591 2056 5650 2
2100 5595 2162 5651 et
2203 5608 2372 5667 seqq.
