4642 6650
1584 728 1673 771 ma:
1721 727 2076 773 Mrs'rssmts
2128 728 2211 771 ΕΤ
2265 728 2479 772 nrum
3389 707 3468 772 17

585 947 903 1023 docente
956 948 1239 1021 nutriri
1277 946 1691 1021 secundum
1730 968 2036 1022 carnem
2075 945 2466 1019 Christum
2506 946 2901 1035 convenit3
2942 946 3039 1019 ab
3078 946 3213 1020 illa
3250 969 3469 1044 opor-

582 1076 743 1151 tuit
798 1075 1174 1170 adoptari.
1232 1072 1554 1169 Magnus
1608 1073 1858 1148 factus
1894 1074 2194 1169 Moyses
2234 1072 2587 1148 detentos
2633 1075 2713 1146 in
2751 1072 3152 1148 servitium
3192 1073 3471 1149 fratres

584 1200 944 1296 requirit;
1003 1199 1273 1274 deinde
1330 1198 1848 1274 dominantem
1907 1202 1987 1273 et
2060 1199 2422 1272 iniuriam
2479 1198 2611 1271 uni
2690 1221 2955 1273 eorum
3009 1197 3469 1274 inferentem

585 1324 1054 1423 Aegyptium
1108 1325 1564 1421 prosternit:
1624 1346 1711 1398 ac
1766 1327 2030 1420 postea
2092 1325 2189 1398 ab
2246 1346 2336 1399 eo
2401 1327 2589 1421 ipsc,
2658 1347 2883 1420 quem
2940 1324 3032 1398 de
3090 1323 3471 1422 Aegyptio

585 1452 754 1524 erat
807 1449 1045 1539 ultuS‚
1104 1450 1481 1544 arguitur.
1540 1449 1812 1525 Nonne
1887 1442 2234 1523 Christus
2307 1453 2880 1525 consummatae
2937 1453 3018 1524 et
3091 1449 3471 1545 perfectae

587 1573 869 1648 aetatis
924 1595 1098 1648 cum
1154 1577 1377 1663 esset,
1416 1574 1784 1670 populum
1823 1597 2070 1665 suum,
2112 1574 2245 1669 qui
2281 1573 2693 1648 secundum
2737 1596 3043 1648 carnem
3084 1577 3155 1649 ei
3196 1574 3472 1649 fratres

586 1700 791 1790 sunt,
824 1698 1139 1773 visitati
1197 1698 1429 1773 Venit
1483 1700 1687 1774 enim
1744 1699 1843 1772 ad
1912 1721 2088 1775 oves
2155 1697 2492 1794 perditas
2551 1699 2819 1772 domus
2875 1696 3140 1773 Israel.
3199 1698 3473 1774 Nonne

586 1823 1110 1898 dominantem
1165 1845 1432 1898 eorum
1470 1824 1859 1899 diabolum
1897 1824 2319 1921 prostravit
2357 1828 2437 1899 et
2473 1824 2710 1899 vicit‘i
2748 1824 2991 1899 Nemo
3031 1824 3234 1898 enim
3290 1847 3475 1899 vasa

586 1949 808 2023 fortis
864 1948 1194 2044 dirip‘iet,
1251 1949 1398 2025 nisi
1452 1950 1663 2047 prius
1699 1950 1981 2025 fortem
2036 1951 2477 2047 alligaverit
2509 1943 2553 2025 ¹.
2612 1952 2882 2026 Nonne
2937 1952 3033 2024 ab
3090 1950 3210 2025 his
3264 1951 3467 2048 ipsis,

587 2075 862 2170 quibus
919 2077 1000 2149 et
1038 2074 1129 2183 de
1168 2075 1470 2149 diabolo
1508 2076 1886 2149 ultionem
1940 2079 2021 2150 et
2058 2076 2151 2151 de
2207 2076 2524 2152 servitio
2579 2077 3024 2151 libertatem
3080 2075 3470 2166 reddebat,

589 2200 985 2295 arguitur?
1042 2199 1167 2273 Ita
1240 2201 1977 2276 consummationem
2048 2201 2127 2274 in
2201 2201 2362 2276 Deo
2431 2202 2727 2297 gratiae
2804 2201 3295 2296 consequitur
3359 2222 3472 2292 ea,

590 2346 784 2419 quae
840 2324 920 2397 in
975 2326 1222 2400 latore
1278 2324 1469 2420 legis
1524 2325 1861 2399 imitatio
1917 2328 2057 2403 est.
2114 2324 2382 2398 Bubus
2438 2326 2517 2398 in
2575 2328 2978 2421 conspectu
3016 2324 3261 2422 Moysi
3299 2347 3474 2400 con-

588 2449 868 2546 flagrat
896 2440 945 2541 ²,
1003 2472 1142 2525 nec
1194 2454 1458 2525 tamen
1513 2450 1811 2524 uritur:
1870 2451 2187 2525 ecclesia
2241 2451 2599 2526 videlicet
2635 2472 2725 2525 ex
2764 2453 3248 2546 peccatorum
3304 2472 3475 2546 per-

588 2574 1066 2649 secutionum
1096 2577 1177 2649 et
1204 2575 1802 2672 temptationum
1830 2574 2156 2649 flammis
2185 2574 2692 2665 succenditur,
2725 2575 3069 2670 apostolo
3100 2568 3472 2650 dicente³z

601 2703 632 2734 “
669 2697 1133 2794 Angustiam
1187 2700 1674 2790 sustinentes,
1732 2699 2069 2795 inopiam
2125 2700 2572 2790 toleranteS,
2630 2699 2760 2774 sed
2816 2722 2969 2774 non
3010 2699 3475 2795 abrelinqui·

591 2850 803 2901 mur:
856 2828 866 2921 Ι
917 2826 1304 2917 deicimur‚
1363 2825 1495 2901 sed
1550 2849 1702 2901 non
1758 2826 2117 2921 perimuS,
2168 2849 2467 2922 semper
2503 2825 2889 2922 passiones
2945 2827 3119 2900 Iesu
3177 2826 3257 2899 in
3312 2848 3473 2901 cor·

595 2976 775 3048 pore
831 2952 1470 3044 circumferenteS‚
1528 2955 1620 3029 ut
1673 2952 1841 3027 vita
1878 2952 2050 3026 Iesu
2109 2950 2391 3026 Christi
2428 2953 2509 3025 in
2547 2974 2857 3048 corpore
2913 2955 3176 3027 nostro
3235 2953 3474 3026 mani-

597 3078 922 3153 festetur
952 3135 1016 3166 „.
1057 3078 1183 3152 Ita
1222 3078 1563 3152 omnium
1603 3077 2108 3172 iniquitatum
2146 3077 2224 3149 in
2264 3100 2402 3151 nos
2439 3076 2788 3152 incendia
2826 3077 3300 3170 desaeviunt,
3341 3100 3480 3152 nec

606 3203 1047 3277 amburunt.
1094 3202 1425 3276 Ponitur
1480 3202 1754 3277 deinde
1810 3203 2112 3298 signum
2152 3201 2327 3276 fidei
2366 3203 2581 3297 virga
2617 3203 2698 3275 in
2736 3205 3164 3298 serpentem
3221 3203 3482 3277 demu-

597 3332 794 3421 tata,
853 3332 934 3404 et
987 3328 1281 3402 abolita
1338 3351 1646 3425 serpens
1699 3352 1964 3403 rursus
2022 3330 2100 3401 in
2154 3328 2373 3423 virga
2399 3318 2467 3401 ‘¹2
2525 3329 2656 3403 sed
2704 3327 3130 3403 demutatio
3175 3329 3329 3403 ista
3384 3328 3482 3402 ad

594 3453 772 3527 fidei
826 3453 1483 3529 confirmationem
1546 3456 1686 3547 est,
1744 3476 1900 3528 non
1956 3454 2051 3528 ad
2107 3456 2434 3527 naturae
2490 3454 3082 3528 conversionem.
3141 3433 3482 3549 Et'quia

593 3578 673 3650 in
727 3578 947 3672 virga
1001 3580 1339 3673 potestas
1377 3582 1494 3654 est
1549 3579 1788 3674 regni,
1832 3581 1912 3653 et
1966 3577 2048 3651 in
2086 3580 2439 3674 serpente
2478 3577 2763 3653 diaboli
2803 3577 3274 3674 nuncupatio
3334 3579 3481 3670 est,

598 3701 899 3776 credere
954 3702 1032 3775 in
1089 3724 1180 3777 eo
1236 3702 1738 3777 admonemur
1772 3694 1840 3777 ⁵:
1917 3703 2049 3798 qui
2116 3727 2208 3778 ex
2282 3703 2446 3778 Deo
2522 3705 3000 3778 saeculorum
3074 3702 3482 3777 Beelzebul

598 3826 1080 3901 existimatus
1139 3830 1278 3918 est,
1337 3827 1605 3903 deinde
1663 3849 1757 3901 ex
1812 3828 2216 3902 Beelzebul
2273 3827 2477 3904 dicto
2534 3831 2769 3925 atque
2824 3827 3288 3919 existimato,
3348 3851 3483 3923 per

595 3954 1173 4029 resurrectionis
1203 3953 1813 4056 demutationem
1839 3955 2044 4030 Deus
2074 3956 2575 4047 saeculorum,
2608 3955 2685 4030 id
2709 3955 2910 4052 quod
2932 3961 3123 4046 erat,
3168 3954 3478 4050 agnitus

600 4081 739 4153 est.
800 4078 1030 4152 Cuius
1085 4077 1197 4153 rei
1253 4077 1479 4153 fidem
1533 4102 1855 4175 sequens
1921 4080 2220 4176 signum
2280 4082 2527 4177 specie
2580 4081 3039 4156 imitationis
3114 4079 3479 4176 explevit,

598 4208 678 4278 et
732 4205 894 4301 spei
947 4204 1423 4279 satisfaciens
1478 4208 1561 4280 et
1614 4206 1982 4301 tempori:
2042 4230 2223 4280 nam
2278 4229 2454 4280 cum
2508 4207 2900 4281 insinuata
2965 4228 3237 4280 manus
3304 4227 3480 4279 can-

596 4328 856 4405 dorem
893 4330 1092 4403 nivis
1131 4331 1443 4425 accepit,
1477 4334 1555 4405 in
1594 4332 1763 4405 sinu
1795 4336 2117 4429 paterno
2143 4334 2614 4429 quiescentes
2653 4355 2813 4424 nos,
2847 4332 2926 4406 id
2976 4334 3095 4408 est
3124 4330 3481 4405 Abrahae

599 4457 682 4528 et
718 4454 984 4529 Isaach
1026 4457 1106 4529 et
1141 4455 1390 4548 Iacob,
1434 4456 1976 4531 illuminandos
2015 4479 2174 4532 esse
2213 4456 2614 4553 significat,
2651 4461 2935 4531 natura
2973 4455 3303 4551 corporis
3344 4478 3481 4529 no-

600 4580 745 4652 stri
783 4579 862 4652 in
898 4579 1219 4674 speciem
1258 4579 1546 4675 gloriae
1576 4583 1810 4676 atque
1838 4582 2147 4655 honoris
2182 4582 2542 4676 absorpta
2564 4576 2611 4654 ⁶.
2648 4580 2836 4656 Cum
2868 4582 3132 4655 autem
3179 4602 3480 4653 sursum

599 4703 695 4776 ad
750 4702 851 4793 id,
910 4704 1113 4799 quod
1169 4704 1425 4779 fuerat
1462 4729 1735 4779 manus
1791 4705 2207 4798 insinuata,
2248 4709 2689 4795 revocetur;
2750 4706 2828 4778 id
2867 4704 3072 4802 quod
3129 4705 3209 4778 in
3265 4705 3479 4800 signo

601 4827 879 4916 fuerat,
935 4829 1542 4925 praeformatum
1595 4831 1935 4905 nondum
1975 4855 2134 4908 esse
2172 4832 2487 4907 docetur
2523 4832 2603 4905 in
2643 4835 3007 4927 tempore.
3051 4830 3235 4904 Cum
3297 4850 3481 4904 vero

597 4953 811 5047 signo
865 4954 1101 5028 tertio
1157 4977 1358 5049 aqua
1413 4976 1506 5029 ex
1542 4954 1779 5029 fluvio
1817 4958 2126 5051 sumpta
2165 4959 2246 5030 et
2301 4956 2381 5029 in
2419 4959 2705 5031 terram
2764 4954 2938 5029 fusa
2985 4956 3090 5028 sit
3145 4954 3478 5049 sanguis,

599 5078 1057 5153 sacramenti
1111 5080 1311 5152 ratio
1369 5080 1730 5154 miscetur
1786 5080 1926 5170 his,
1986 5080 2050 5154 si
2105 5081 2412 5176 quidem
2469 5081 2601 5176 qui
2663 5102 2798 5176 per
2874 5102 3156 5176 aquam
3233 5079 3481 5153 abluti

601 5200 681 5274 in
739 5202 1251 5298 cognitionem
1308 5204 1464 5277 sint
1519 5202 1911 5299 sanguinis
1970 5205 2399 5279 transituri.

762 5490 778 5522 ¹
811 5481 1035 5544 Matth.
1077 5481 1232 5563 XII,
1288 5484 1367 5545 29
1407 5519 1488 5531 -—
1531 5491 1553 5526 ²
1582 5483 1962 5564 conflagrent
2005 5520 2075 5532 -
2123 5494 2145 5527 ⁸
2175 5486 2353 5548 Paul.
2411 5483 2489 5546 ad
2546 5484 2820 5548 Corinth.
2863 5486 2964 5566 H,
3008 5506 3059 5549 c.
3113 5488 3156 5547 4
3208 5506 3268 5548 v.
3323 5487 3364 5548 8
3402 5519 3483 5534 —

600 5585 621 5618 ⁴
651 5580 858 5643 Antea
898 5581 1193 5661 scriptum
1235 5589 1371 5644 erat
1411 5588 1477 5643 ἰη
1516 5588 1701 5644 vicem
1740 5619 1823 5632 —
1862 5593 1884 5625 ⁵
1915 5604 2332 5647 ammonemur
2371 5621 2450 5632 —
2491 5594 2514 5626 ⁶
2545 5586 2813 5650 absorta.

3047 5687 3084 5740 3

3534 2844 3604 2901 16
