4642 6650
1459 794 1546 837 AD
1592 792 1765 838 LOCA
1811 791 2068 838 SAuc'rA
2114 790 2221 836 Ax.
2272 795 2474 837 sss—338
3324 766 3410 828 53

527 1015 801 1090 melius
859 1016 1022 1117 ipsa
1079 1016 1250 1088 loca
1305 1015 1653 1088 noverat.
1694 1013 1901 1087 Dicit
1938 1034 2115 1108 ergo
2156 1012 2376 1087 nobis
2414 1012 2574 1106 ipse
2611 1012 3022 1109 presbiter:
3063 1012 3128 1087 si
3172 1012 3413 1087 vultis

528 1140 786 1216 videre
843 1164 1147 1237 aquam,
1207 1162 1403 1235 quae
1457 1139 1632 1212 fluit
1686 1139 1778 1212 de
1821 1141 2064 1234 petra,
2106 1138 2183 1210 id
2224 1141 2342 1212 est
2380 1160 2609 1232 quam
2649 1137 2865 1211 dedit
2901 1137 3199 1233 Moyses
3237 1137 3414 1212 filiis

529 1265 765 1340 Israel
803 1267 1265 1355 611316613111116,
1298 1265 1620 1360 potestis
1659 1263 1948 1351 videre3
1982 1263 2044 1336 si
2080 1266 2346 1337 tamen
2386 1262 2783 1337 volueritis
2822 1262 3160 1338 laborem
3202 1263 3416 1337 vobis

529 1391 941 1487 imponere,
985 1392 1073 1462 ut
1111 1389 1202 1463 de
1241 1391 1367 1463 via
1405 1409 1823 1463 camsemus
1864 1379 1883 1420 ¹
1922 1378 1930 1486 Ι
1986 1386 2310 1460 forsitan
2350 1385 2677 1459 miliario
2719 1390 2957 1461 sexto.
2992 1386 3204 1473 Quod
3244 1409 3416 1460 cum

532 1517 868 1609 dixisset,
927 1538 1066 1590 666
1120 1515 1308 1590 661316
1365 1514 1571 1588 avidi
1627 1513 1877 1609 optati
1932 1536 2195 1586 sumus
2250 1512 2405 1585 ire:
2467 1515 2548 1586 et
2610 1514 2880 1586 statim
2951 1513 3415 1587 divertentes

532 1665 579 1716 a
634 1642 786 1733 via,
843 1641 1086 1716 secuti
1142 1663 1404 1715 sumus
1458 1640 1987 1736 presbiterum,
2040 1638 2173 1733 qui
2209 1660 2348 1711 nos
2386 1638 2735 1712 ducebat.
2772 1638 2865 1711 In
2904 1660 2993 1712 eo
3033 1659 3211 1733 ergo
3251 1638 3415 1711 loco

537 1765 854 1841 ecclesia
908 1768 1026 1840 est
1064 1765 1365 1861 pisinna
1420 1764 1684 1839 subter
1736 1766 2079 1838 montem
2116 1784 2272 1838 non
2309 1762 2608 1853 Nabau,
2661 1762 2794 1835 sed
2850 1762 3179 1837 alterum
3219 1762 3414 1835 inte-

533 1893 860 1980 riorem;
916 1891 1046 1965 sed
1101 1912 1239 1965 nec
1291 1891 1453 1986 ipse
1507 1889 1729 1983 longe
1770 1891 1888 1963 est
1928 1887 2020 1963 de
2056 1887 2364 1962 Nabau:
2414 1889 2767 1963 monachi
2803 1891 3063 1962 autem
3109 1887 3419 1984 plurimi

532 2019 1030 2091 commanent
1083 2017 1192 2089 ibi
1248 2037 1428 2091 vere
1484 2014 1752 2105 sancti,
1810 2017 1891 2089 et
1945 2035 2135 2109 quos
2188 2013 2311 2087 hic
2367 2013 2641 2087 ascites
2694 2016 2999 2089 vocant.

693 2141 796 2214 Hi
851 2162 1031 2237 ergo
1087 2141 1334 2215 sancti
1389 2138 1740 2214 monachi
1795 2138 2091 2232 dignati
2147 2140 2331 2213 sunt
2386 2159 2524 2211 nos
2579 2139 2954 2233 suscipere
3012 2138 3235 2214 valde
3273 2139 3412 2212 hu-

538 2288 787 2357 mane,
829 2288 1008 2339 nam
1049 2267 1129 2339 et
1167 2264 1264 2338 ad
1304 2263 1852 2337 salutationem
1889 2283 2109 2334 suam
2146 2263 2656 2356 permiserunt
2692 2285 2830 2337 nos
2871 2262 3190 2357 ingredi.
3231 2261 3420 2336 Cum

536 2394 797 2464 autem
854 2389 1172 2486 ingressi
1228 2389 1636 2462 fuissemus
1696 2387 1792 2460 ad
1851 2408 2004 2478 666,
2063 2386 2273 2461 facta
2328 2389 2677 2462 oratione
2734 2408 2906 2462 cum
2963 2387 3166 2483 ipsis,
3208 2389 3419 2461 eulo-

534 2518 698 2613 gias
753 2516 972 2590 nobis
1028 2516 1208 2590 dare
1266 2515 1562 2610 dignati
1617 2517 1824 2604 sunt,
1882 2512 2080 2587 sicut
2133 2514 2425 2588 habent
2488 2513 3117 2588 consuetudinem
3189 2514 3421 2588 dandi

535 2642 680 2733 1116,
738 2665 928 2737 6666
981 2642 1318 2716 11616666
1372 2641 1816 2736 suscipiunt.
1874 2639 1992 2713 Ibi
2047 2661 2228 2735 ergo
2293 2640 2499 2714 inter
2568 2640 2962 2714 ecclesiam
3017 2644 3098 2714 et
3151 2663 3422 2714 mona·

535 2769 804 2859 steria,
862 2768 943 2842 in
997 2768 1250 2843 medio
1305 2767 1482 2840 fluit
1537 2767 1629 2840 de
1684 2769 1905 2863 petra
1942 2789 2144 2862 aqua
2184 2768 2448 2861 ingens
2485 2766 2803 2862 pulchra
2837 2767 3085 2857 valde,
3128 2771 3210 2842 et
3243 2769 3419 2841 lim-

535 2894 712 2989 pida
770 2893 1058 2989 saporis
1115 2893 1409 2989 optimi.
1468 2892 1679 2966 Tunc
1736 2893 2380 2989 interrogavimus
2437 2915 2573 2966 nos
2612 2893 2848 2967 etiam
2901 2896 2983 2968 et
3037 2893 3209 2967 illos
3247 2917 3420 2967 san·

536 3022 698 3093 ctos
752 3019 1187 3109 monachos,
1246 3018 1378 3114 qui
1433 3018 1542 3091 ibi
1599 3018 2039 3109 manebant,
2089 3039 2290 3113 quae
2346 3021 2546 3093 esset
2598 3018 2786 3092 haec
2843 3041 3045 3114 aqua
3101 3018 3284 3092 talis
3343 3020 3424 3092 et

541 3145 745 3217 tanti
783 3143 1096 3239 saporis.
1139 3143 1349 3217 Tunc
1387 3143 1501 3214 illi
1548 3143 1949 3231 dixerunt:
2009 3142 2195 3217 haec
2250 3144 2368 3217 est
2423 3165 2646 3238 aqua,
2698 3166 2929 3239 quam
2985 3143 3202 3217 dedit
3249 3166 3421 3216 san-

541 3271 710 3344 ctus
764 3269 1064 3365 Moyses
1117 3267 1293 3341 filiis
1350 3266 1586 3343 lsrael
1643 3267 1723 3341 in
1780 3268 1923 3341 hac
1960 3268 2291 3342 heremo,
2333 3267 2571 3342 Facta
2608 3271 2727 3342 est
2768 3289 2947 3364 ergo
2984 3269 3208 3346 iuxta
3247 3291 3421 3344 con-

540 3394 1028 3470 suetudinem
1085 3394 1193 3467 ibi
1249 3394 1524 3483 oratio,
1584 3396 1666 3467 et
1717 3393 1945 3467 lectio
2003 3393 2168 3488 ipsa
2223 3393 2314 3467 de
2370 3392 2582 3466 libris
2629 3393 2874 3489 Moysi
2911 3394 3134 3485 lecta,
3176 3394 3423 3469 dictus

538 3522 775 3596 etiam
812 3520 1149 3615 psalmus
1186 3541 1421 3592 unus:
1465 3522 1547 3592 et
1584 3495 1693 3592 sic
1726 3519 1954 3592 simul
2009 3540 2181 3592 cum
2237 3518 2388 3592 illis
2443 3521 2724 3592 sanctis
2781 3519 3068 3593 clericis
3126 3521 3206 3594 613
3260 3542 3421 3593 166-

539 3645 823 3736 6661116,
883 3644 1017 3740 661
1070 3644 1464 3717 nobiscum
1530 3645 1926 3732 venerant,
2003 3643 2512 3738 perexivimus
2578 3644 2675 3717 ad
2748 3647 3119 3718 montem.
3195 3646 3424 3719 Multi

543 3774 804 3844 autem
852 3772 933 3844 613
990 3790 1085 3842 ex
1137 3769 1318 3865 ipsis
1372 3769 1762 3843 monachis
1821 3769 2124 3860 sanctis,
2194 3768 2320 3864 qui
2389 3769 2495 3843 ibi
2563 3771 3145 3844 commanebant
3199 3766 3425 3846 iux'ta

540 3918 742 3990 66116
794 3894 984 3990 ipsa,
1044 3896 1175 3989 qui
1227 3897 1493 3968 tamen
1549 3896 1971 3988 potuerunt
2026 3893 2417 3989 imponere
2481 3893 2626 3966 sibi
2692 3894 3055 3986 laborem,
3125 3897 3427 3992 dignati

539 4022 723 4092 sunt
774 4019 1167 4094 nobiscum
1241 4018 1644 4093 ascendere
1718 4020 2064 4091 montem
2134 4017 2436 4092 Nabau.
2500 4018 2775 4115 Itaque
2843 4041 3022 4116 ergo
3093 4021 3424 4115 profisci-

539 4147 833 4219 66661366
889 4145 981 4217 116
1038 4144 1306 4218 6611616
1341 4144 1532 4234 1666,
1572 4144 2046 4239 pervenimus
2102 4142 2199 4216 ad
2254 4143 2585 4218 radicem
2627 4144 2910 4219 montis
2946 4143 3019 4217 N
3023 4146 3246 4236 abau,
3292 4147 3426 4242 qui

540 4272 710 4343 61613
762 4269 987 4343 valde
1040 4268 1400 4358 excelsus,
1460 4269 1573 4340 ita
1626 4251 1891 4340 tamen
1948 4270 2038 4339 1113
2090 4290 2265 4363 pars
2321 4267 2483 4341 eius
2550 4268 2886 4342 maxima
2940 4268 3266 4343 sedendo
3344 4270 3425 4342 in

542 4394 793 4468 asellis
865 4393 1106 4490 possit
1176 4392 1452 4467 subiri:
1527 4392 1818 4467 modice
1891 4394 2154 4466 autem
2240 4397 2412 4467 erat
2485 4395 2764 4485 acrius,
2836 4395 3037 4491 quod
3109 4397 3426 4491 pedibus

543 4540 843 4594 necesse
898 4521 1068 4594 erat
1124 4518 1364 4592 subiri
1421 4540 1595 4593 cum
1650 4517 1934 4607 labore,
1993 4518 2192 4592 sicut
2247 4521 2327 4593 et
2381 4518 2672 4593 fact-um
2729 4522 2868 4594 est.

705 4643 1205 4718 Pervenimus
1260 4665 1440 4740 ergo
1496 4644 1591 4718 ad
1649 4643 2174 4718 summitatem
2235 4646 2521 4719 montis
2578 4646 2809 4738 1111116,
2873 4646 3005 4720 ubi
3054 4650 3171 4722 est
3226 4670 3428 4722 nunc

542 4770 853 4844 ecclesia
906 4791 1063 4843 non
1117 4770 1427 4864 grandis
1460 4769 1542 4842 in
1580 4769 1746 4870 ipsa
1783 4771 2231 4843 summitate
2274 4769 2558 4844 montis
2597 4769 2895 4844 Nabau.
2937 4771 3156 4846 Intra
3194 4796 3427 4869 quam

542 4895 955 4985 ecclesiam,
1013 4895 1094 4967 in
1150 4917 1239 4970 eo
1294 4896 1459 4970 loco
1516 4895 1649 4968 ubi
1703 4895 2045 4992 pulpitus
2085 4898 2202 4969 est
2228 4886 2278 4985 ²,
2320 4895 2479 4970 vidi
2544 4897 2797 4970 locum
2851 4898 3143 4972 modice
3202 4902 3427 4996 quasi

543 5020 901 5094 altiorem
937 5022 1248 5095 tantum
1287 5021 1601 5116 hispatii
1636 5022 2074 5112 habentem,
2116 5025 2492 5118 quantum
2534 5025 2949 5099 memoriae
2997 5024 3247 5099 solent
3286 5025 3423 5098 ha-

705 5245 723 5280 ¹
755 5245 961 5308 61666.
1001 5244 1157 5307 16111.
1207 5245 1521 5324 Οαπιρεαί,
1564 5245 1777 5307 flectit.

701 5344 726 5381 ²
752 5345 921 5407 Fons
965 5352 1029 5406 et
1066 5345 1363 5407 coenobia
1403 5365 1560 5422 quae
1602 5344 2035 5406 describuntur
2075 5350 2249 5407 sexto
2291 5345 2556 5408 miliario
2599 5367 2636 5407 a
2663 5346 2944 5424 Libiade,
2982 5348 3048 5409 in
3091 5356 3284 5409 monte
3337 5353 3429 5409 in·

544 5447 760 5502 teu-iore
788 5441 1033 5520 longius
1077 5463 1114 5502 a
1154 5443 1421 5503 Iordane
1465 5443 1605 5521 sita,
1648 5443 1800 5503 mihi
1844 5444 2196 5504 coniectura
2235 5442 2420 5504 valde
2462 5444 2771 5522 probabili
2803 5444 3097 5507 videntur
3124 5466 3266 5507 esse
3303 5446 3428 5507 Ain

544 5541 731 5600 Musa
755 5538 925 5619 (fons
955 5541 1215 5620 Moysis)
1246 5539 1324 5599 ad
1353 5539 1836 5619 septentrionem
1863 5540 2092 5601 montis
2127 5540 2303 5601 Nebo
2336 5541 2523 5620 (Iebel
2551 5542 2818 5623 Nabah).
2852 5541 3119 5604 Consule
3154 5544 3426 5604 tabulam

548 5657 713 5698 mare
753 5645 1057 5699 mortuum
1099 5638 1553 5701 describentem
1593 5638 1658 5698 in
1699 5660 1881 5718 opere
1923 5640 2117 5701 Ducis
2159 5639 2237 5701 de
2280 5640 2551 5719 Luynes,
2600 5643 2836 5721 Voyaqe
2875 5647 2914 5702 ὰ
2944 5644 3006 5702 la
3046 5664 3173 5702 mer
3214 5651 3420 5704 morte.

3470 1399 3541 1453 42
