4642 6650
1656 843 1745 889 nn
1792 839 1981 890 Loc1s
2029 839 2302 887 sanans
3288 820 3413 886 119

541 1067 707 1141 loco
761 1065 1087 1138 fundata
1141 1068 1281 1154 est,
1338 1064 1472 1137 ubi
1516 1063 2013 1139 coenantibus
2064 1062 2429 1158 apostolis
2483 1063 2656 1157 post
2709 1060 3134 1156 passionem
3191 1057 3409 1134 ostiis

543 1192 817 1267 clausis
853 1183 874 1224 ¹
915 1190 1275 1287 abparuit
1328 1190 1722 1264 Dominus,
1784 1190 2025 1285 Prope
2063 1210 2245 1263 vero
2284 1188 2439 1262 illic
2484 1190 2602 1261 est
2654 1189 2903 1282 porta,
2955 1185 3047 1259 de
3085 1208 3238 1280 qua
3280 1207 3417 1256 an-

545 1320 757 1414 gelus
811 1318 1127 1393 Petrum
1184 1317 1473 1391 eduxit.
1531 1317 1644 1391 De
1681 1316 1969 1411 templo
2005 1338 2214 1405 vero,
2256 1337 2485 1412 quem
2541 1312 2900 1387 Salomon
2954 1312 3413 1402 aedificavit,

546 1443 742 1518 duae
797 1445 1108 1516 tantum
1161 1441 1440 1538 pinnae
1496 1444 1970 1537 permanent,
2029 1463 2358 1535 quarum
2415 1462 2594 1529 una,
2652 1461 2849 1533 quae
2905 1438 3137 1512 altior
3196 1436 3418 1512 valde

545 1571 683 1660 est,
741 1568 904 1664 ipsa
958 1570 1100 1657 est,
1161 1567 1241 1640 in
1297 1591 1449 1663 qua
1522 1566 1894 1641 Dominus
1968 1569 2396 1662 temptatus
2462 1566 2581 1638 est
2637 1588 2684 1637 a
2740 1563 3068 1654 diaboIO,
3126 1562 3421 1657 reliqua

546 1695 807 1768 autem
862 1693 1257 1768 destructa
1311 1694 1495 1765 sunt
1520 1682 1568 1766 ².
1611 1692 1703 1765 In
1758 1712 1939 1765 area
1976 1712 2158 1766 vero
2216 1689 2414 1763 Orne
2460 1688 2761 1763 Iebusei
2813 1687 3193 1782 templum
3248 1707 3423 1760 con-

546 1821 924 1893 structum
980 1821 1119 1893 est.
1180 1817 1428 1912 Prope
1483 1822 1748 1893 autem
1805 1819 2107 1913 portam
2157 1816 2438 1891 effusus
2477 1817 2596 1889 est
2649 1814 2958 1909 sanguis
3015 1811 3421 1887 Zachariae

547 1942 686 2016 filii
740 1944 1182 2019 Barachiae.

705 2070 828 2161 (Β.
858 2092 915 2143 c.
963 2069 1102 2161 VI)
1143 2068 1460 2144 Portam
1496 2069 1746 2144 David
1783 2068 2348 2164 egredientibus
2378 2089 2567 2163 pons
2595 2066 2921 2141 occurrit
2960 2065 3034 2138 in
3069 2067 3421 2138 austrum

547 2218 678 2292 per
731 2196 1014 2270 vallem
1070 2196 1424 2287 directus„
1482 2196 1580 2269 ad
1637 2196 1850 2270 cuius
1906 2195 2402 2270 medietatem
2441 2195 2537 2267 ab
2579 2215 2845 2268 occasu
2902 2191 3085 2267 ficus
3142 2213 3424 2285 magna

549 2325 730 2411 stat,
791 2322 869 2394 in
928 2345 1081 2418 qua
1134 2321 1367 2396 Iudas
1436 2322 1711 2418 laqueo
1767 2343 1846 2395 se
1902 2320 2321 2415 suspendit.
2400 2318 2637 2394 Porro
2708 2317 3269 2394 Acheldamach
3324 2315 3423 2389 ad

552 2446 965 2521 australem
1023 2446 1329 2543 plagam
1383 2446 1666 2521 montis
1724 2446 1930 2543 Syon
1990 2446 2431 2543 peregrinos
2491 2449 2571 2519 et
2624 2440 2995 2541 ignobiles
3051 2445 3422 2533 mortuOS,

553 2571 743 2646 alios
795 2573 1005 2646 terra
1059 2572 1281 2667 tegit,
1340 2571 1529 2647 alios
1584 2572 2028 2646 inhumatos
2085 2570 2528 2667 putrefacit.

710 2698 831 2789 (B.
875 2721 933 2772 c.
982 2698 1133 2790 11⁷)
1191 2697 1599 2772 Sudarium
1652 2698 1923 2793 capitis
1978 2698 2288 2772 Domini
2345 2701 2517 2793 post
2570 2697 3202 2771 resurrectionem
3258 2696 3423 2772 eius
3502 2743 3511 2758 ·

549 2845 728 2897 mox
781 2823 1094 2918 quidam
1131 2823 1802 2898 christianissimus
1841 2822 2144 2896 furatus
2184 2844 2424 2918 usque
2466 2822 2564 2895 ad
2604 2823 2903 2896 obitum
2942 2821 3231 2896 divitiis
3277 2822 3421 2895 sibi

550 2945 1048 3024 affluentibus
1102 2947 1400 3022 habuit.
1461 2949 1604 3034 Qui
1657 2949 2077 3022 moriturus
2114 2948 2625 3043 interrogavit
2680 2946 2903 3037 filios,
2946 2948 3076 3042 qui
3116 2946 3423 3020 Domini

552 3072 967 3162 sudarium,
1026 3073 1158 3169 qui
1212 3077 1552 3149 caeteras
1607 3074 1849 3169 patris
1903 3074 2095 3150 velit
2132 3074 2468 3170 accipere
2526 3073 2881 3147 divitias:
2943 3073 3185 3146 maior
3239 3094 3421 3148 vero

550 3195 949 3271 thesauros
984 3219 1264 3288 rerum,
1312 3198 1563 3272 minor
1598 3198 1834 3293 elegit
1870 3198 2305 3286 sudarium3
2350 3200 2432 3270 et
2485 3220 2664 3271 mox
2720 3197 2833 3270 illi
2882 3197 3118 3293 priori
3175 3197 3425 3271 decre·

553 3323 776 3395 scunt
824 3343 1060 3417 usque
1097 3320 1196 3394 ad
1224 3324 1786 3419 paupertatem,
1817 3321 2044 3396 fratri
2074 3325 2338 3398 autem
2368 3322 2648 3397 iuniori
2675 3345 2846 3397 cum
2877 3320 3023 3396 fide
3052 3324 3422 3412 crescunt,

553 3449 635 3519 et
688 3467 866 3541 opes
922 3466 1161 3542 usque
1216 3446 1312 3521 ad
1350 3448 1701 3543 quintam
1740 3449 2309 3543 generationem
2349 3452 2691 3523 tenuere.
2750 3448 2947 3522 Hinc
3002 3449 3100 3522 ad
3154 3449 3424 3545 impios

551 3572 993 3666 perveniens
1034 3572 1344 3647 divitias
1380 3577 1692 3648 tantum
1721 3567 1961 3666 auxit,
1995 3575 2126 3648 ubi
2166 3575 2454 3650 iudaeis
2495 3577 2579 3648 et
2612 3575 2756 3648 hoc
2791 3578 3137 3670 tempore
3175 3575 3424 3649 multo

554 3697 789 3772 donec
842 3701 1016 3794 post
1070 3697 1299 3794 longa
1356 3699 1628 3794 litigia,
1678 3701 1952 3795 quibus
1991 3700 2388 3774 christiani
2442 3701 2701 3773 iudaei
2753 3721 2833 3774 se
2890 3700 3194 3791 Christi,
3255 3700 3422 3773 infi-

553 3822 756 3896 deles
810 3845 994 3898 vero
1050 3844 1130 3898 se
1186 3828 1495 3919 patrum
1561 3847 1874 3898 suorum
1949 3825 2464 3899 affirmabant.
2523 3827 2831 3900 Mauras
2871 3825 3418 3900 Saracenorum

551 3969 708 4038 reX,
766 3948 899 4043 qui
952 3951 1217 4023 nostra
1271 3952 1530 4024 aetate
1576 3950 1728 4024 fuit
1764 3951 2015 4041 iudeX,
2053 3951 2535 4046 postulatur;
2595 3951 2726 4046 qui
2782 3973 3093 4026 accensa
3148 3951 3426 4047 grandi

553 4074 718 4168 pira
772 4071 1161 4148 Christum
1216 4075 1541 4150 iudicem
1580 4080 1958 4171 precatur,
1998 4077 2130 4173 qui
2165 4077 2308 4151 hoc
2346 4099 2481 4174 pro
2522 4100 2834 4151 suorum
2888 4078 3136 4152 salute
3194 4100 3420 4173 super

554 4200 784 4292 caput
836 4197 1116 4272 habere
1174 4199 1641 4295 dignaretur.
1700 4201 2016 4275 Missum
2053 4224 2235 4276 vero
2292 4201 2373 4274 in
2428 4202 2680 4295 ignem
2738 4202 3154 4292 sudarium,
3213 4201 3423 4276 velo·
3486 4292 3493 4301 Ι

557 4321 744 4395 citer
796 4326 1029 4418 raptu
1084 4324 1485 4421 aufugiens
1542 4326 1823 4414 evolat,
1882 4330 1963 4401 et
2003 4329 2082 4401 in
2120 4349 2416 4401 summo
2474 4349 2648 4402 aere
2704 4327 3152 4420 diutissime,
3212 4326 3428 4422 quasi

556 4447 883 4523 ludendo
938 4448 1433 4542 volucritanS,
1483 4451 1581 4525 ad
1636 4452 2000 4525 ultimum
2056 4453 2347 4527 cunctis
2405 4453 2751 4548 utrisque
2806 4452 3286 4526 intuentibus
3344 4473 3424 4527 se

559 4596 639 4648 se
691 4576 973 4650 leniter
1026 4575 1107 4648 in
1174 4553 1715 4651 cuiusdam’de
1781 4578 2215 4653 christianis
2271 4580 2443 4652 sinu
2500 4579 2889 4675 deposuit:
2949 4578 3153 4673 quod
3206 4601 3430 4652 mane

559 4798 724 4861 Eccl.
764 4798 809 4862 l.
849 4800 998 4877 VH,
1040 4821 1091 4863 c.
1138 4803 1279 4883 19):
1324 4802 1437 4864 sed
1478 4825 1639 4866 nunc
1679 4805 1944 4883 primum
1988 4826 2124 4867 eam
2163 4805 2230 4866 in
2270 4805 2536 4868 ecclesia
2576 4804 2725 4865 Sion
2764 4803 2961 4865 fuisse
3002 4801 3428 4882 comperimus.

560 4895 917 4976 Sepulcrum
957 4919 1008 4960 s.
1049 4899 1260 4961 Iacobi
1298 4920 1419 4961 non
1458 4901 1526 4962 in
1565 4909 1777 4963 monte
1822 4903 2161 4979 Olivarum,
2203 4910 2275 4963 ut
2302 4902 2580 4963 nonnulli
2612 4902 2905 4979 scribunt,
2934 4900 3044 4962 sed
3074 4900 3247 4960 iuxta
3282 4905 3432 4960 tem·

557 4994 720 5074 plum
757 4995 1073 5075 judaicum
1112 4996 1252 5073 fuit,
1298 5006 1363 5060 et
1404 5000 1865 5079 ostendebatur,
1909 5009 1981 5062 ut
2021 5022 2097 5063 ex
2136 5000 2478 5079 Hegessipi
2520 5000 2786 5061 auctoris
2829 4997 3244 5076 antiquissimi
3273 5017 3431 5058 com·

557 5092 876 5156 mentariis
905 5094 1070 5163 idem
1098 5095 1406 5157 Eusebius
1434 5097 1712 5159 tradidit.
1737 5098 1797 5158 S.
1821 5098 2084 5160 Iacobus
2112 5099 2178 5159 in
2204 5097 2650 5177 Martyrologio
2672 5117 2920 5159 romano
2950 5096 3204 5158 dicitur:
3249 5118 3281 5153 ‹
3304 5114 3427 5155 non

557 5190 741 5269 longe
783 5212 821 5253 a
855 5194 1085 5273 templo
1129 5193 1412 5274 sepultus
1435 5220 1491 5257 ν.

720 5287 738 5323 ¹
781 5290 1102 5369 Peregrin.
1145 5274 1204 5370 ᾗ.
1251 5295 1407 5353 10οε
1454 5316 1486 5351 ‹
1511 5294 1740 5356 clausis
1783 5296 1964 5357 ostiis
2006 5295 2327 5373 ingressus
2370 5303 2469 5357 est
2510 5295 2833 5375 discipulis
2857 5317 2912 5355 ›.

720 5387 746 5423 ¹
786 5389 936 5451 Itin.
978 5391 1258 5469 But-dig:
1305 5415 1337 5450 ‹
1362 5392 1462 5454 Ibi
1491 5401 1589 5455 est
1619 5395 1881 5470 angulus
1912 5395 2101 5457 turris
2133 5395 2609 5471 excelsissimae,
2640 5395 2745 5456 ubi
2771 5395 3073 5459 Dominus
3095 5389 3429 5456 ascendit...

561 5486 647 5546 Et
687 5488 803 5548 sub
843 5489 1030 5567 pinna
1092 5489 1284 5552 turris
1324 5490 1522 5570 ipsius
1583 5501 1730 5554 sunt
1789 5494 2065 5555 cubicula
2116 5494 2381 5573 plurima
2403 5517 2456 5553 ».
2521 5493 2865 5556 Eucherius
2928 5496 3008 5574 (a.
3049 5495 3195 5574 440)
3247 5511 3433 5553 unam

560 5590 799 5647 tantum
838 5587 1089 5665 pinnam
1129 5594 1466 5649 memorat:
1516 5612 1545 5647 α
1567 5588 1664 5650 Ex
1702 5610 1819 5668 quo
1864 5592 2145 5672 (templo)
2187 5590 2448 5670 parietis
2489 5591 2672 5653 unius
2712 5591 2778 5651 in
2818 5591 3012 5653 ruinis
3074 5590 3263 5669 pinna
3313 5609 3433 5650 su-

561 5691 792 5763 perest,
831 5684 1088 5764 reliquis
1127 5685 1207 5748 ad
1247 5685 1646 5750 fundamenta
1684 5710 1879 5767 usque
1921 5690 2258 5752 destructis
2283 5714 2342 5750 ν.
