4642 6650
1256 673 1336 739 10
2507 702 2559 747 s,
2610 703 2863 747 mmmt

1848 787 2390 797 mffl-—n-
2433 791 2606 799 e—-q-

2845 796 3258 804 ffl*—U
3295 799 4110 813 -—..-—--..-...-.—-.—.-.—-.-

1249 912 1432 987 Seth
1491 914 1817 990 nominis
1873 920 1990 992 est
2063 918 2648 994 fundamentum
2715 912 2984 1010 fidei¹3
3043 925 3123 997 et
3196 945 3370 998 cum
3444 924 3637 1000 Abel
3712 928 3983 1021 iustus,
4042 936 4122 1006 et

1248 1066 1419 1119 cum
1490 1042 1570 1115 in
1643 1043 1897 1117 locum
1955 1043 2140 1118 iusti
2199 1037 2391 1118 Seth
2458 1047 2762 1141 genitus
2838 1049 2962 1139 sit,
3042 1055 3435 1126 reservata
3507 1075 3807 1149 semper
3862 1081 3909 1130 a
3963 1057 4122 1134 Deo

1246 1173 1687 1244 sanctorum
1741 1170 2132 1265 generatio
2173 1174 2253 1244 et
2290 1194 2425 1266 per
2461 1174 2961 1249 successiones
2998 1181 3370 1251 renovata
3418 1179 3900 1276 intelligitur,
3941 1183 4120 1261 fide·

1246 1297 1446 1370 libus
1501 1296 1582 1369 in
1638 1296 1868 1369 Petro
1925 1295 2444 1369 fundamentis
2501 1297 2725 1372 fidem
2782 1300 3141 1374 ecclesiae
3199 1306 3754 1380 sustentatura.

1408 1422 1630 1531 Quae.
1670 1444 1850 1517 erga
1905 1421 2070 1496 Noe
2124 1427 2343 1517 gesta
2398 1428 2582 1497 sunt
2638 1428 2900 1521 negari
2955 1451 3109 1501 non
3167 1434 3492 1525 possunt
3546 1432 3773 1528 plena
3829 1456 3988 1509 esse
4044 1439 4126 1510 et

1245 1550 1666 1625 virtutibus
1707 1547 1848 1623 Dei
1886 1551 1966 1622 et
2021 1549 2383 1643 exemplis
2442 1550 2906 1626 futurorum.
2949 1554 3144 1627 Nam
3197 1556 3274 1628 in
3334 1561 3732 1650 quantum·
3753 1558 3946 1634 libet
3983 1564 4122 1634 aut

1246 1677 1473 1751 hebes
1504 1667 1532 1709 ²
1586 1675 1979 1770 ingenium
2035 1675 2136 1749 sit
2192 1678 2333 1749 aut
2388 1698 2656 1751 aversa
2712 1701 2758 1750 a
2814 1679 2976 1753 veri
3015 1680 3527 1776 intelligentia
3582 1684 3983 1758 voluntas:
4043 1689 4122 1760 et

1244 1806 1505 1877 tamen
1534 1802 1690 1876 illic
1729 1801 1933 1874 dicta
1969 1803 2336 1896 gestaque
2377 1805 2580 1893 sunt,
2623 1824 2818 1898 quae
2859 1804 3092 1878 etiam
3136 1806 3400 1881 invitis
3438 1830 3743 1882 sensum
3771 1810 4121 1883 veritatis

1245 1927 1596 2002 eliciant:
1656 1928 1915 2022 atque,
1965 1928 2056 1999 ut
2094 1926 2174 1998 in
2230 1925 2548 2021 singulis
2602 1949 2861 2000 rerum
2917 1929 3311 2004 effectibus
3370 1933 3618 2007 virtus
3674 1935 4115 2029 prophetica

1244 2054 1748 2149 intelligatur,
1789 2051 1970 2147 quid
2008 2052 2132 2126 cui
2185 2052 2297 2127 rei
2355 2053 2457 2125 sit
2513 2054 3128 2148 comparandum,
3169 2055 3506 2131 breviter
3561 2054 3932 2133 edendum
3981 2062 4117 2134 est.

1243 2179 1407 2254 Noe
1464 2179 1689 2269 enim,
1739 2201 1962 2274 quem
2023 2201 2109 2253 ex
2167 2178 2462 2273 virgine
2520 2178 2889 2253 Dominus
2946 2180 3395 2278 adsumpsit,
3454 2183 3845 2257 hominem
3900 2206 4118 2280 prae·

1245 2306 1571 2400 figurat:
1630 2307 1863 2400 atque
1910 2307 2001 2377 ut
2056 2305 2134 2377 id
2192 2306 2436 2401 ipsum
2498 2326 2590 2380 ex
2646 2307 3073 2402 scripturae
3128 2308 3363 2402 ipsius
3422 2310 3674 2384 verbis
3729 2312 4119 2406 cognitum

1245 2430 1406 2522 fiat,
1465 2428 1889 2505 cuiusmodi
1947 2429 2039 2503 de
2114 2452 2204 2505 eo
2278 2431 2684 2527 prophetia
2738 2427 3061 2506 Lamech
3127 2433 3368 2528 patris
3425 2435 3586 2508 eius
3663 2435 4120 2509 noscendum

1245 2547 1459 2631 est³:
1526 2559 1556 2590 “
1606 2555 1707 2628 Et
1760 2554 2084 2630 Lamech
2140 2556 2410 2651 genuit
2482 2555 2767 2649 filium,
2828 2561 2908 2632 et
2982 2559 3290 2632 vocavit
3358 2580 3638 2635 nomen
3695 2560 3857 2635 eius
3932 2559 4119 2651 Noe,

1247 2681 1531 2756 dicens:
1590 2679 1732 2755 Hic
1803 2682 2275 2776 requiescere
2332 2681 2563 2757 faciet
2616 2705 2754 2756 nos
2812 2683 2907 2756 ab
2984 2683 3335 2779 operibus
3410 2685 3693 2759 nostris
3750 2688 3830 2758 et
3885 2709 3931 2759 a
3984 2685 4120 2758 tri-

1246 2809 1482 2883 stitiis
1512 2832 1881 2884 manuum
1912 2811 2377 2899 nostrarum,
2402 2813 2481 2884 et
2510 2834 2553 2883 a
2583 2814 2814 2901 terra,
2848 2810 2964 2884 cui
3000 2810 3399 2885 maledixit
3427 2811 3798 2886 Dominus
3829 2812 4032 2887 Deus
4063 2867 4124 2899 „.

1244 2933 1346 3008 Et
1399 2934 1610 3023 haec,
1670 2937 1761 3007 ut
1817 2934 2171 3026 arbitror,
2234 2934 2311 3006 in
2371 2956 2547 3008 eum
2605 2934 2794 3025 Noe,
2854 2935 2945 3008 de
3003 2958 3153 3032 quo
3220 2959 3466 3010 sermo
3523 2938 3665 3027 est,
3725 2937 3824 3010 ad
3878 2936 4123 3032 perfe-

1247 3060 1917 3135 ctum‘convenire
1956 3082 2107 3133 non
2163 3061 2512 3154 possunt.
2555 3059 2796 3145 Quam
2837 3062 3042 3133 enim
3091 3062 3432 3156 requiem
3469 3061 3808 3136 humano
3865 3062 4124 3156 generi

1249 3187 1558 3277 adtulit,
1615 3186 1739 3262 vel
1797 3210 1843 3259 a
1899 3185 2174 3281 quibus
2230 3185 2415 3259 fecit
2489 3186 2842 3282 operibus
2906 3186 3217 3259 desistit
3278 3186 3476 3272 Quin
3547 3186 3782 3260 etiam
3839 3187 3981 3259 sub
4037 3208 4125 3261 eo

1251 3312 1711 3388 universitas
1767 3310 2162 3386 hominum
2220 3310 2552 3385 deletur:
2597 3311 2969 3387 diluvium
3011 3312 3475 3387 infunditur:
3509 3316 3718 3388 terra
3775 3335 4124 3410 conspec-

1248 3441 1368 3513 tui
1422 3439 1585 3514 eius
1640 3438 1963 3534 eripitur
1988 3430 2038 3529 ⁴,
2105 3439 2187 3510 in
2241 3438 2722 3533 gravioribus
2779 3440 3015 3512 etiam
3070 3439 3329 3535 postea
3385 3433 3731 3514 vicibus⁵
3787 3439 4122 3513 vivitur:

1250 3569 1329 3641 et
1384 3567 1517 3639 ubi
1584 3565 1883 3662 requies
1937 3564 2103 3640 Noe
2160 3565 2308 3639 erit
2383 3563 2705 3653 reddita,
2765 3565 2845 3638 in
2900 3587 2988 3640 eo
3046 3569 3351 3656 autem,
3411 3566 3543 3660 qui
3608 3565 3952 3640 facturus
4025 3565 4128 3638 sit

1249 3692 1612 3787 requiem,
1689 3692 2028 3786 potestas
2085 3692 2202 3763 est
2257 3688 2658 3784 designata
2711 3688 3060 3763 faciendi.
3114 3690 3124 3782 1
3174 3690 3411 3764 Porro
3468 3693 3727 3765 autem
3796 3711 3934 3764 nec
3989 3712 4122 3762 na-

1248 3822 1473 3894 turae
1529 3816 1855 3891 hominis
1923 3816 2320 3905 convenit,
2381 3837 2521 3890 nec
2587 3815 2954 3910 scriptum
3023 3816 3348 3911 legitur,
3407 3838 3544 3890 nec
3616 3837 3697 3888 re
3773 3816 3937 3910 ipsa
4011 3815 4125 3887 in-

1247 3943 1627 4038 telligitur
1680 3942 1845 4016 Noe
1899 3942 2176 4015 horum
2233 3941 2525 4037 aliquid
2581 3941 2875 4016 fecisse:
2935 3942 3064 4017 sed
3120 3944 3367 4038 plane,
3428 3965 3624 4037 quae
3685 3941 3851 4016 Noe
3906 3943 4128 4015 erant

1248 4069 1568 4164 propria,
1627 4068 2002 4162 scriptura
2063 4066 2496 4162 planissime
2551 4066 2812 4140 edidit.
2854 4066 3043 4140 Cum
3083 4068 3242 4142 Deo
3300 4067 3716 4162 probabilis
3773 4070 3911 4157 est,
3954 4089 4126 4141 cum

1248 4194 1498 4268 iustus
1554 4191 1966 4282 invenitur,
2025 4213 2197 4264 cum
2255 4213 2510 4265 arcam
2567 4191 2816 4266 facere
2890 4192 3222 4282 iubetur,
3282 4215 3455 4267 cum
3512 4193 3590 4265 in
3646 4215 3815 4267 eam
3874 4192 4120 4286 ingre-

1250 4319 1482 4408 ditur,
1523 4339 1696 4391 cum
1753 4338 2063 4391 corvum
2122 4315 2437 4407 emittit,
2480 4338 2653 4390 cum
2709 4316 3141 4390 columbam
3187 4321 3267 4391 et
3323 4318 3594 4411 recipit
3631 4321 3712 4392 et
3768 4316 4125 4406 remittit,

1249 4468 1421 4521 cum
1495 4443 1883 4539 egreditur
1940 4466 2035 4518 ex
2089 4465 2289 4534 arca,
2350 4464 2522 4516 cum
2597 4443 2901 4516 vineam
2975 4443 3385 4539 plantavit,
3447 4466 3620 4518 cum
3698 4465 3790 4518 ex
3867 4442 4124 4517 fructu

1250 4572 1412 4648 eius
1469 4571 1725 4646 ebrius
1778 4571 2143 4662 nudatur,
2202 4592 2376 4644 curn
2416 4592 2462 4642 a
2502 4566 2737 4640 Cham
2777 4568 3178 4659 inridetur,
3220 4591 3392 4643 cum
3431 4592 3477 4641 a
3517 4566 3689 4643 Sem
3728 4571 3813 4641 et
3852 4567 4126 4664 Iaphet

1250 4696 1709 4791 contegitur,
1759 4717 1932 4770 cum
1989 4696 2069 4769 in
2123 4718 2367 4767 unum
2427 4693 3035 4769 maledictionem
3077 4699 3157 4768 et
3195 4694 3273 4767 in
3332 4694 3520 4767 duos
3575 4694 4122 4769 benedictionis

1252 4821 1594 4896 ordinem
1652 4821 2116 4917 modumque
2171 4805 2616 4909 constituit;
2674 4821 2886 4911 haec,
2928 4821 3023 4894 ab
3074 4843 3161 4895 eo
3220 4824 3309 4895 ut
3365 4823 3548 4894 sunt
3601 4823 3843 4916 gesta,
3904 4820 4124 4894 intel-

1248 4949 1553 5047 ligenda
1590 4950 1793 5022 sunt.
1835 4946 1980 5021 Sed
2036 4971 2400 5044 magnum
2445 4948 2525 5020 in
2561 4947 2681 5019 his
2721 4947 2969 5020 futuri
3019 4950 3580 5020 sacramentum
3643 4944 4121 5019 continetur:

1251 5098 1339 5150 ac
1395 5075 1487 5150 de
1541 5073 1854 5170 singulis
1910 5095 2047 5147 suo
2103 5074 2269 5148 loco
2332 5072 2870 5163 tractabimus,
2928 5075 3102 5145 tum
3158 5094 3332 5145 cum
3399 5075 3751 5168 oporteat
3804 5071 3950 5145 sibi
4007 5072 4121 5143 in-

1251 5200 1495 5276 vicem
1571 5220 1691 5273 res
1776 5220 2285 5294 personasque
2367 5197 2730 5272 conferre.
2788 5197 2957 5270 Erit
3013 5219 3191 5291 ergo
3278 5197 3456 5270 huic
3523 5196 3687 5272 Noe
3753 5196 4123 5271 Dominus

1412 5486 1428 5519 ¹
1461 5478 1615 5541 Isid.
1663 5480 1831 5559 Oriq.
1869 5480 1911 5541 1.
1954 5501 2006 5541 c.
2054 5503 2085 5539 ‹
2112 5479 2263 5542 Seth
2304 5479 2747 5558 interpretatur
2798 5478 3167 5540 resurrectio
3194 5522 3207 5537 .
3234 5523 3248 5538 .
3276 5524 3288 5538 .
3317 5524 3330 5538 .
3380 5477 3545 5538 idem
3599 5482 3665 5539 et
3716 5473 3943 5556 positio
3968 5497 4000 5533 ›
4067 5509 4123 5521 -

1253 5584 1276 5617 ²
1305 5577 1533 5641 haebes
1586 5616 1645 5626 --
1694 5588 1717 5620 ⁸
1747 5579 1975 5644 Generi.
2015 5579 2093 5658 V,
2136 5581 2232 5640 28.
2283 5616 2349 5625 —-
2398 5588 2419 5619 ⁴
2450 5579 2514 5640 vi
2554 5578 2836 5641 redditur
2874 5614 2955 5624 —
2996 5587 3017 5618 ⁶
3048 5576 3265 5638 virtue.
