4642 6650
1189 785 1315 853 134
2357 803 2556 850 rarat
2600 801 2875 849 nucom

2049 893 2458 901 m·—

1183 1022 1264 1097 in
1317 1022 1506 1113 loco,
1564 1022 1697 1119 qui
1751 1022 2032 1097 dicitur
2083 1021 2569 1113 chariassati,
2612 1042 2808 1117 quae
2845 1022 3027 1095 ante
3065 1019 3269 1095 dicta
3304 1021 3423 1095 est
3476 1021 3740 1102 autem
3792 1019 4046 1122 Mora·

1183 1149 1428 1240 stites,
1484 1151 1603 1223 est
1656 1148 2141 1245 sepulchrum
2196 1149 2441 1223 sancti
2493 1149 2835 1223 Micheas
2888 1147 3305 1244 prophetae
3334 1138 3385 1221 ¹.

1209 1311 1216 1315 v
1343 1274 1675 1370 Taphnis
1711 1277 1829 1349 est
1881 1275 2131 1370 posita
2167 1297 2394 1372 super
2431 1275 2676 1372 ripam
2711 1273 3047 1348 fluminis
3082 1273 3241 1347 Nili
3266 1264 3331 1346 ²:
3372 1271 3478 1347 ibi
3515 1275 3635 1347 est
3673 1269 4048 1369 palatium

1183 1398 1628 1490 PharaoniS‚
1685 1399 1818 1473 ubi
1872 1402 2181 1474 sanctus
2237 1399 2535 1493 Moyses
2590 1419 2848 1472 coram
2918 1397 3317 1472 Pharaone
3385 1393 3768 1471 mirabilia
3841 1394 4046 1473 fecit.

1342 1524 1463 1615 (B.
1517 1548 1576 1599 c.
1634 1526 1889 1616 XIX).
1947 1524 2408 1600 Alexandria
2480 1525 2577 1598 ab
2633 1546 2899 1599 occasu
2957 1524 3038 1597 in
3093 1527 3350 1598 ortum
3405 1522 3584 1597 solis
3638 1521 3893 1619 longa,
3948 1522 4047 1597 ab

1184 1653 1446 1725 austro
1502 1650 1715 1725 ostiis
1770 1649 1929 1723 Nili
1967 1651 2320 1746 cingitur,
2361 1650 2458 1723 ab
2498 1649 2855 1745 aquilone
2901 1648 3072 1724 lacu
3127 1648 3563 1739 Mareotico,
3604 1645 3819 1723 cuius
3873 1667 4046 1742 por-

1182 1776 1311 1847 tus
1365 1774 1633 1850 ceteris
1688 1773 2080 1864 difficilior,
2138 1773 2359 1870 qnasi
2413 1774 2513 1847 ad
2556 1773 2883 1847 formam
2921 1772 3240 1846 humani
3274 1771 3606 1868 corporis
3660 1771 3741 1846 in
3799 1771 4047 1868 capite

1183 1901 1346 1996 ipso
1400 1903 1482 1975 et
1536 1903 1869 1976 statione
1923 1901 2293 1997 capacior,
2342 1901 2421 1972 in
2459 1899 2807 1974 faucibus
2842 1920 3025 1974 vero
3064 1899 3486 1993 angustior,
3545 1920 3700 1994 qua
3750 1899 4049 1993 meatus

1183 2026 1416 2102 maris
1459 2049 1548 2102 ac
1586 2026 1898 2102 navium
1939 2025 2275 2122 suscipit,
2315 2024 2593 2121 quibus
2633 2023 3006 2120 quaedam
3043 2022 3379 2120 spirandi
3416 2021 3755 2098 subsidia
3792 2022 4048 2118 portui

1184 2153 1914 2243 subministrantur:
1970 2153 2105 2227 ubi
2159 2151 2330 2247 quis
2403 2150 2799 2246 angustias
2873 2139 3107 2245 atque
3163 2171 3299 2224 ora
3351 2152 3620 2246 portus
3691 2147 4045 2238 evaserit,

1183 2283 1583 2375 tamquam
1635 2277 1933 2373 reliqua
1985 2277 2317 2372 corporis
2356 2275 2626 2366 forma,
2665 2274 2781 2348 ita
2819 2274 3117 2349 diffusio
3175 2274 3405 2349 maris
3458 2274 3685 2370 longe
3737 2273 4045 2369 lateque

1185 2403 1647 2478 extenditur.
1705 2403 1795 2476 In
1850 2401 2191 2478 eiusdem
2255 2400 2571 2474 dextera
2624 2401 2892 2495 portus
2955 2421 3185 2496 parva
3254 2398 3506 2473 insula
3558 2398 3911 2489 habetur,
3967 2394 4085 2470 in‘

1185 2553 1340 2625 qua
1392 2529 1655 2620 Farus,
1708 2529 1787 2602 id
1840 2531 1959 2602 est
2010 2526 2250 2600 turris
2303 2524 2637 2599 maxima
2691 2527 2831 2613 est,
2878 2527 3253 2599 nocturno
3308 2526 3653 2620 tempore
3706 2521 4046 2596 flamma-

1181 2678 1357 2728 rum
1410 2654 1756 2728 faucibus
1813 2652 2112 2744 ardenS,
2168 2673 2264 2746 ne
2312 2650 2618 2747 decepti
2670 2650 3004 2725 tenebris
3057 2653 3345 2724 nautae
3398 2650 3480 2722 in
3533 2648 3880 2745 scopulos
3936 2648 4048 2722 in-

1184 2780 1464 2869 cidant,
1521 2783 1602 2854 et
1636 2777 2001 2854 vestibuli
2034 2776 2363 2850 limitem
2410 2773 3043 2871 comprehendere
3098 2776 3510 2869 nequeant,
3566 2769 3701 2869 qui
3754 2774 3837 2847 et
3890 2771 4046 2869 ipse

1184 2924 1264 2978 se
1319 2925 1614 2998 semper
1666 2901 2054 2998 inquietus
2108 2903 2228 2975 est
2279 2898 2638 2973 fluctibus
2673 2898 2849 2972 hinc
2894 2897 3069 2972 inde
3122 2896 3702 2972 conlidentibus,
3764 2896 4042 2970 Portus

1184 3049 1366 3102 vero
1421 3026 1760 3122 placidus
1812 3046 2130 3121 semper,
2188 3022 2772 3119 amplitudinem
2816 3022 3141 3117 triginta
3194 3021 3643 3096 stadiorum.
3704 3022 3772 3094 A
3828 3022 4045 3116 parte

1183 3152 1468 3249 Egypti
1537 3152 1807 3252 urbem
1876 3148 2347 3225 intrantibus
2422 3148 2521 3221 ad
2595 3146 2989 3222 dexteram
3064 3146 3395 3221 occurrit
3460 3145 3773 3221 ecclesia
3837 3142 4046 3218 beati

1186 3276 1420 3353 Marci
1476 3277 1991 3375 evangelistae
2029 3276 2333 3351 nomine
2370 3276 2831 3365 consecrata,
2868 3272 2950 3347 in
2988 3296 3143 3370 qua
3177 3272 3338 3369 ipse
3390 3270 3875 3347 beatissimus
3928 3291 4051 3346 re·

1188 3405 1507 3500 quievit.
1566 3404 1779 3479 Circa
1834 3403 2094 3478 Nilum
2151 3423 2463 3499 aggeres
2516 3401 2819 3477 crebros
2874 3403 3186 3496 propter
3237 3398 3758 3495 inruptionem
3813 3421 4050 3494 aqua·

1186 3553 1359 3604 rum
1414 3530 1662 3604 facere
1717 3528 1990 3619 solent,
2047 3528 2182 3624 qui
2237 3528 2303 3601 si
2366 3525 2568 3601 forte
2622 3525 3051 3600 custodium
3108 3523 3403 3599 incuria
3457 3522 3668 3619 rupti
3734 3522 4049 3614 fuerint,

1185 3677 1340 3729 non
1377 3652 1724 3750 irrigant,
1755 3651 1886 3726 sed
1925 3651 2367 3748 opprimunt
2400 3652 2645 3724 terras
2681 3648 3179 3738 subiacentes,
3210 3650 3292 3722 et
3327 3647 3458 3743 qui
3494 3648 3725 3743 plana
3762 3646 4049 3744 Egypti

1186 3778 1554 3868 incolunt,
1612 3798 1837 3873 super
1871 3778 2077 3852 rivos
2113 3799 2486 3871 aquarum
2524 3773 2670 3848 sibi
2708 3773 2969 3849 domos
3006 3772 3323 3867 faciunt,
3380 3773 3836 3849 transversis
3889 3776 4048 3848 tra·

1186 3905 1410 3979 bibus
1462 3905 1756 3999 ponteS.
3868 3916 3875 3921 ·

1345 4257 1366 4294 ¹
1408 4256 1706 4337 Intellige
1746 4254 2102 4318 milliarium
2140 4255 2397 4318 tertium
2436 4256 2515 4317 ab
2544 4252 3031 4334 Eleutheropoli,
3061 4273 3202 4314 nam
3227 4250 3491 4339 Morasti
3518 4251 3690 4314 iuxta
3715 4249 4056 4314 Eusebium

1129 4373 1150 4383 ·
1186 4356 1292 4439 (ad
1333 4356 1438 4437 v.),
1479 4355 1645 4417 unde
1685 4353 1807 4415 fuit
1845 4353 2139 4430 Micheas,
2163 4359 2298 4414 erat
2337 4351 2513 4414 vicus
2554 4360 2769 4413 contra
2808 4351 3107 4412 orientem
3134 4338 3673 4428 Eleutheropolis:
3715 4349 3883 4411 idem
3908 4349 4055 4411 Hie·

1183 4476 1473 4536 ronymus
1513 4455 1732 4518 scribit
1768 4454 1836 4515 in
1873 4454 2127 4532 prologo
2168 4450 2453 4514 Micheas
2495 4459 2560 4513 et
2619 4450 2686 4513 in
2725 4448 3237 4529 Peregrinatione
3299 4469 3350 4511 s.
3392 4448 3668 4511 Paulae:
3735 4471 3768 4506 ‹
3790 4446 4055 4510 Videam

1181 4555 1546 4633 Morasthin,
1571 4553 1919 4633 sepulcrum
1958 4550 2267 4630 quondam
2307 4548 2593 4611 Micheas
2633 4548 2970 4629 prophetae
3011 4555 3076 4609 et
3101 4567 3259 4609 nunc
3300 4546 3623 4609 ecclesiam
3647 4570 3704 4608 ».
3725 4545 3823 4607 De
3869 4545 4054 4608 huius

1182 4652 1447 4735 sepulcri
1487 4650 1842 4729 inventione
1883 4648 2222 4711 Theodosii
2262 4654 2539 4727 tempore
2580 4647 2734 4709 haec
2774 4646 3144 4708 Sozomenus
3174 4644 3368 4726 (Hist.
3397 4645 3539 4708 Ecc.
3568 4646 3611 4708 1.
3640 4645 3797 4724 VII,
3826 4665 3879 4707 c.
3907 4647 4052 4726 29):

1188 4773 1221 4811 ‹
1261 4750 1659 4813 Berathsatia
1697 4767 1845 4810 vero
1887 4748 2060 4810 locus
2102 4754 2203 4809 est
2242 4747 2458 4808 decem
2497 4744 2744 4807 circiter
2770 4746 3008 4807 ‚stadiis
3051 4745 3292 4808 distans
3343 4746 3422 4806 ab
3473 4745 3627 4807 urbe
3669 4744 4059 4826 (Eleuthero-

1181 4850 1335 4931 poli)
1364 4871 1378 4910 :
1420 4848 1593 4909 iuxta
1633 4867 1812 4925 quem
1853 4853 1987 4908 erat
2025 4845 2373 4926 sepulcrum
2411 4845 2711 4922 Micheas,
2752 4844 2917 4922 quod
2956 4842 3206 4922 quidem
3243 4841 3482 4904 incolae
3515 4842 3877 4922 ignorantes
3903 4842 4055 4920 quid

1183 4948 1481 5025 dicerent,
1522 4952 1980 5007 monumentum
2018 4942 2294 5005 fidelium
2337 4942 2734 5024 appellabant
2755 4967 2810 5003 ι.

1345 5045 1370 5082 ²
1409 5044 1748 5123 Peregrina
1776 5042 2157 5122 aliquantum
2183 5051 2419 5103 morata
2444 5041 2902 5120 Hierosolymis
2929 5040 3138 5120 pergit
3164 5040 3540 5121 Aegyptum,
3580 5047 3762 5120 atque
3802 5059 3916 5120 per
3941 5040 4059 5103 Pe·

1182 5141 1413 5203 lusium
1451 5140 1737 5220 pervenit
1776 5138 2013 5215 Tanim,
2055 5138 2201 5199 hinc
2239 5138 2721 5200 Alexandriam:
2771 5136 2997 5199 deinde
3049 5137 3264 5199 itineri
3315 5135 3655 5199 Thebaidis
3716 5156 3786 5199 se
3826 5135 4056 5199 devote

1182 5239 1550 5317 fortiterque
1571 5237 1894 5300 commisit.
1915 5237 2015 5299 De
2043 5258 2162 5315 quo
2189 5237 2416 5298 itinere
2444 5239 2584 5315 ipsa
2609 5236 2982 5298 mentionem
3009 5235 3162 5298 fecit
3214 5235 3278 5297 in
3327 5234 3745 5316 descriptione
3787 5236 3875 5316 (p.
3913 5237 4056 5319 46):

1189 5359 1222 5394 ‹
1246 5335 1384 5409 Qua
1423 5335 1712 5415 primitus
1754 5334 1833 5396 ad
1873 5334 2235 5413 Aegyptum
2273 5332 2527 5394 fueram.
2561 5355 2590 5391 ›
2637 5333 2722 5392 Et
2762 5332 2912 5394 alibi
2955 5334 3040 5412 (p.
3072 5333 3207 5413 50):
3239 5355 3272 5390 ‹
3295 5331 3376 5395 de
3403 5351 3476 5394 eo
3518 5340 3813 5413 tempore,
3856 5352 3894 5395 a
3933 5353 4056 5411 quo

1184 5433 1266 5494 ad
1305 5433 1687 5495 Thebaidem
1726 5431 1965 5493 fueram
1988 5454 2044 5493 ».
2086 5431 2171 5491 Et
2210 5430 2394 5510 paulo
2434 5437 2614 5511 post:
2682 5452 2715 5487 ι
2738 5429 2962 5492 civitas
3022 5429 3306 5506 Tathnis,
3361 5450 3518 5508 quae
3572 5429 3697 5490 fuit
3747 5428 4056 5509 quondam

1183 5532 1545 5613 metropolis
1584 5531 1947 5593 Pharaonis.
1989 5530 2075 5591 Et
2112 5528 2261 5591 licet
2321 5549 2398 5590 ea
2425 5516 2600 5606 loca,
2659 5534 2732 5589 ut
2787 5528 3076 5608 superius
3137 5527 3298 5606 dixi,
3354 5528 3477 5590 iam
3536 5548 3805 5608 nossem,
3846 5527 3913 5590 id
3953 5537 4056 5591 est

1185 5629 1426 5707 quando
1468 5627 1907 5691 Alexandriam
1945 5626 2046 5688 vel
2089 5626 2167 5688 ad
2210 5625 2588 5688 Thebaidem
2615 5625 2855 5687 fueram
2884 5648 2939 5687 ›.
