4642 6650
1484 771 1573 816 An
1618 768 1791 816 LooA
1835 768 2090 815 emon
2138 771 2245 816 m.
2292 776 2491 818 asa-ass
3294 752 3418 819 101

556 989 915 1087 quoniam
968 989 1151 1088 ipsis
1226 989 1490 1065 diebus
1562 1011 1786 1065 nemo
1860 989 2274 1083 ieiunatur,
2350 990 2434 1064 in
2502 989 2713 1088 Syon
2785 991 3224 1088 proceditur
3292 992 3425 1068 sed

557 1137 823 1191 mane:
882 1116 972 1191 fit
1024 1118 1257 1192 missa
1312 1115 1574 1191 ordine
1627 1137 1789 1188 suo.

713 1241 858 1316 Die
912 1241 1180 1318 eadem
1233 1239 1989 1338 quadragesimarum
2027 1241 2200 1333 post
2235 1240 2536 1334 pascha,
2578 1240 2775 1315 idest
2831 1240 3103 1336 quinta
3150 1242 3343 1317 feria
3371 1235 3421 1333 ¹,

555 1364 797 1462 pridie
851 1388 1114 1441 omnes
1167 1370 1344 1462 post
1379 1368 1620 1455 sexta,
1658 1363 1739 1437 id
1776 1366 1894 1438 est
1947 1365 2228 1460 quarta
2282 1363 2498 1456 feria,
2554 1365 2637 1439 in
2691 1365 3091 1440 Bethleem
3138 1367 3427 1441 vadunt

556 1493 867 1586 propter
919 1489 1220 1586 vigilias
1273 1488 1785 1565 celebrandas.
1841 1488 2079 1563 Fiunt
2132 1494 2403 1564 autem
2456 1490 2767 1585 vigiliae
2833 1491 2913 1563 in
2979 1492 3291 1567 ecclesia
3344 1493 3426 1566 in

556 1614 976 1705 Bethleem,
1034 1614 1114 1687 in
1168 1638 1322 1711 qua
1379 1614 1693 1690 ecclesia
1745 1614 2102 1710 spelunca
2140 1617 2282 1705 est,
2327 1615 2460 1687 ubi
2495 1618 2726 1689 natus
2791 1618 2908 1690 est
2970 1615 3340 1691 Dominus
3368 1608 3419 1692 ².

558 1739 734 1813 Alia
787 1738 908 1815 die
961 1742 1248 1831 autem,
1304 1739 1384 1813 id
1421 1742 1541 1813 est
1577 1738 1849 1833 quinta
1903 1738 2098 1812 feria
2153 1738 2932 1835 quadragesimarum,
2991 1741 3425 1817 celebratur

558 1864 788 1939 missa
842 1864 1107 1939 ordine
1162 1885 1325 1955 suo,
1381 1864 1497 1938 ita
1555 1865 1645 1937 ut
1697 1865 1780 1938 et
1832 1863 2235 1957 presbiteri
2289 1866 2370 1938 et
2429 1864 2824 1959 episcopus
2860 1864 3273 1961 predicent,
3316 1867 3426 1939 di-

559 1991 814 2064 centes
871 1992 1050 2085 apte
1106 1989 1257 2064 diei
1311 1992 1394 2063 et
1445 1989 1652 2064 loco:
1712 1991 1793 2063 et
1846 1987 2333 2082 postmodum
2399 2010 2567 2063 sera
2629 1991 3131 2065 revertuntur
3195 2012 3426 2063 unus-

559 2113 878 2210 quisque
934 2116 1018 2187 in
1071 2113 1546 2190 Ierusolima.

719 2238 1530 2334 Quinquagesimarum
1588 2239 1851 2311 autem
1905 2236 2049 2326 die,
2106 2235 2186 2308 id
2241 2239 2360 2312 est
2417 2237 2817 2331 dominica,
2876 2263 3029 2334 qua
3083 2239 3203 2312 die
3260 2263 3425 2313 ma-

557 2363 810 2436 ximus
861 2363 1081 2438 labor
1134 2366 1252 2438 est
1286 2363 1594 2459 populo,
1636 2364 1975 2458 aguntur
2011 2362 2269 2434 omnia
2305 2362 2412 2437 sic
2450 2363 2543 2437 de
2579 2364 2790 2458 pullo
2829 2363 3134 2458 quidem
3170 2366 3426 2460 primo

560 2488 782 2561 iuxta
834 2475 1501 2561 consuetudinem:
1558 2486 1929 2581 vigilatur
1980 2486 2064 2558 in
2125 2484 2524 2577 Anastase,
2595 2491 2688 2561 ut
2756 2489 2967 2582 legat
3032 2490 3424 2586 episcopus

559 2611 809 2685 locum
866 2610 1089 2684 illum
1143 2610 1544 2705 evangelii,
1602 2609 1737 2706 qui
1789 2632 2084 2705 semper
2139 2609 2518 2686 dominica
2581 2612 2701 2685 die
2774 2612 3079 2708 legitur,
3152 2612 3230 2686 id
3303 2618 3422 2688 est

559 2735 1192 2811 resurrectionem
1248 2734 1595 2809 Domini:
1653 2737 1734 2810 et
1788 2732 2275 2829 postmodum
2331 2757 2423 2810 ea
2477 2740 2817 2833 aguntur
2869 2738 2949 2810 in
3023 2738 3428 2830 Anastase,

561 2881 757 2955 quae
813 2859 1491 2935 consuetudinaria
1545 2862 1750 2950 sunt,
1808 2860 2007 2934 sicut
2068 2862 2239 2935 toto
2313 2883 2537 2935 anno.
2610 2862 2798 2935 Cum
2871 2866 3134 2937 autem
3207 2886 3435 2938 mane

559 2984 849 3059 factum
906 2983 1167 3073 fuerit,
1206 2983 1641 3080 proceditur
1697 2983 1941 3058 omnis
1997 2985 2323 3080 populus
2358 2985 2456 3058 -in
2493 2986 2805 3061 ecclesia
2841 2988 3151 3080 maiore,
3200 2987 3280 3060 id
3320 2991 3439 3062 est

562 3109 657 3182 ad
713 3108 1213 3205 Martyrium:
1272 3111 1607 3203 aguntur
1660 3108 1897 3184 etiam
1952 3112 2231 3199 omnia,
2289 3133 2485 3205 quae
2540 3111 3209 3185 consuetudinaria
3249 3115 3433 3186 sunt

562 3233 723 3329 agi:
781 3233 1177 3328 predicant
1229 3232 1653 3329 presbiteri,
1710 3234 2203 3329 postmodum
2256 3234 2686 3331 episcopus:
2764 3239 3102 3333 aguntur
3170 3238 3431 3310 omnia

561 3358 926 3453 legitima,
985 3357 1063 3431 id
1116 3361 1236 3432 est
1288 3358 1611 3432 offertur
1665 3357 1886 3431 iuxta
1940 3360 2594 3454 consuetudinem,
2652 3384 2804 3456 qua
2861 3361 3239 3437 dominica
3308 3363 3431 3438 die

559 3482 957 3558 consuevit
1008 3481 1210 3571 fieri3
1268 3481 1401 3557 sed
1454 3481 1722 3557 eadem
1775 3482 2251 3557 adceleratur
2316 3483 2549 3556 missa
2621 3485 2701 3556 in
2773 3484 3258 3581 Martyrium,
3336 3490 3429 3561 ut

556 3607 738 3681 ante
789 3604 981 3683 hora
1029 3607 1268 3679 tertia
1320 3605 1481 3679 fiat.
1539 3605 2191 3691 Quemadmodum
2247 3606 2451 3681 enim
2506 3607 2736 3681 missa
2773 3606 2979 3682 facta
3025 3606 3264 3682 fuerit
3321 3609 3421 3682 ad

722 3917 739 3952 ¹
768 3916 1113 3981 Festivitas
1142 3917 1545 3981 Ascensionis
1572 3916 1843 3992 Domini,
1874 3937 2031 3995 quae
2060 3918 2379 3980 colebatur
2405 3918 2508 3981 die
2537 3919 3010 3998 quadragesima
3028 3926 3175 3999 post
3195 3920 3443 3983 Pascha

561 4015 1089 4077 Resurrectionis:
1130 4016 1351 4095 pridie,
1393 4015 1460 4075 id
1502 4022 1601 4076 est
1641 4015 1743 4076 die
1782 4015 2093 4090 Mercurii,
2136 4021 2283 4095 post
2319 4016 2536 4077 horam
2577 4023 2816 4079 sextam
2854 4018 3182 4081 Bethleem
3207 4018 3443 4097 profici-

562 4114 894 4174 scebantur
933 4112 1014 4174 ad
1053 4113 1305 4192 vigilias
1344 4111 1761 4174 celebrandas.

721 4209 746 4245 ²
775 4209 939 4282 Quia
976 4230 1099 4272 non
1140 4217 1275 4272 erat
1313 4211 1486 4272 locus
1527 4211 1593 4271 in
1634 4210 1975 4274 diversorio
2016 4212 2219 4274 Maria
2247 4220 2313 4274 et
2352 4214 2585 4292 Ioseph
2612 4214 2678 4273 in
2715 4220 2977 4290 antrum,
3010 4214 3114 4275 ubi
3141 4234 3444 4294 praesepe

560 4306 883 4369 inventum
924 4315 1041 4386 est,
1085 4328 1153 4370 se
1194 4316 1580 4388 receperunt.
1621 4309 1719 4370 De
1760 4310 2070 4388 spelunca,
2098 4309 2166 4370 in
2194 4331 2314 4387 qua
2339 4318 2521 4372 natus
2551 4319 2648 4372 est
2675 4313 2876 4389 Iesus,
2906 4312 3268 4373 testimonia
3294 4320 3445 4373 sunt

562 4405 993 4481 antiquissima
1032 4427 1103 4467 ac
1142 4406 1597 4484 probatissima.
1639 4407 1921 4468 Iustinus
1951 4428 2028 4468 m.
2060 4409 2125 4468 in
2170 4409 2420 4487 dialogo
2465 4430 2604 4470 cum
2645 4410 2987 4489 Triphone:
3034 4410 3146 4470 «in
3189 4430 3443 4489 specum

562 4502 888 4579 quemdam
926 4503 1065 4564 vico
1109 4523 1181 4564 eo
1223 4505 1565 4582 proximum
1606 4505 1911 4566 concessit
1956 4507 2306 4587 (Ioseph)».
2356 4507 2662 4585 Origenes
2701 4508 2767 4568 in
2810 4508 3076 4584 Celsum,
3111 4508 3152 4569 1.
3180 4510 3234 4587 I,
3262 4530 3313 4570 c.
3346 4510 3441 4569 51:

568 4624 601 4659 ‹
622 4602 948 4679 Intelligat
975 4607 1043 4664 et
1081 4602 1147 4663 in
1186 4601 1514 4663 Betlehem
1555 4605 1912 4682 speluncam
1955 4605 2220 4680 ostendi,
2258 4606 2368 4666 ubi
2407 4606 2517 4667 ille
2557 4613 2657 4667 est
2693 4613 2898 4684 natus,
2940 4614 3005 4668 et
3044 4607 3112 4668 in
3152 4607 3446 4686 spelunca

563 4718 892 4777 praesepe:
921 4700 1088 4776 qnod
1114 4699 1325 4777 utique
1349 4705 1417 4760 et
1435 4700 1500 4760 in
1518 4701 1647 4762 illis
1671 4702 1825 4763 locis
1863 4702 2299 4780 pervulgatum
2327 4709 2427 4764 est
2450 4727 2503 4763 ».
2536 4703 2597 4764 S.
2627 4703 3065 4783 Hieronymus,
3097 4705 3202 4782 qui
3245 4705 3446 4768 eidem

569 4796 889 4871 ecclesiae,
932 4796 1042 4857 ubi
1082 4797 1374 4876 spelunca
1415 4805 1567 4876 erat,
1608 4798 1900 4876 praefuit,
1943 4800 2034 4860 ita
2074 4800 2292 4861 scribit
2335 4801 2413 4861 de
2456 4822 2504 4862 s.
2547 4802 2773 4862 Paula:
2823 4825 2853 4860 ε
2875 4802 3032 4864 Inde
3071 4803 3447 4865 Bethlehem

567 4894 870 4973 ingressa,
902 4901 968 4954 et
993 4895 1060 4954 in
1084 4894 1333 4974 specum
1360 4895 1699 4958 salvatoris
1739 4896 2044 4958 introiens
2067 4920 2121 4957 ».
2165 4898 2371 4959 Antea
2396 4899 2532 4977 ipse
2572 4898 2640 4959 in
2679 4899 2947 4977 epistola
2971 4900 3206 4961 Paulae
3235 4908 3300 4962 et
3328 4902 3447 4963 Eu·

565 4991 789 5053 staehii
817 4990 896 5053 ad
925 4992 1313 5054 Marcellam:
1360 5017 1393 5052 ‹
1415 4994 1673 5073 Verum,
1717 5002 1787 5056 ut
1817 4995 1897 5056 ad
1926 4994 2208 5057 villulam
2251 4996 2487 5057 Christi
2528 5005 2593 5058 et
2630 4996 2868 5059 Mariae
2897 4994 3308 5059 diversorium
3348 5020 3450 5061 ve-

563 5090 827 5169 niamus,
871 5109 990 5168 quo
1032 5109 1331 5168 sermone,
1374 5111 1495 5170 qua
1516 5113 1688 5169 voce,
1719 5093 2074 5173 speluncam
2111 5094 2229 5154 tibi
2269 5113 2601 5172 possumus
2645 5093 2988 5157 Salvatoris
3032 5097 3383 5173 exponere?
3407 5120 3439 5153 ι

565 5186 652 5247 Et
691 5186 973 5249 subiicit:
1017 5209 1052 5246 ‹
1074 5188 1235 5250 Ecce
1276 5188 1341 5249 in
1379 5190 1496 5250 hoc
1535 5210 1738 5269 parvo
1781 5198 1981 5252 terrae
2022 5190 2321 5252 foramine
2362 5191 2668 5252 caelorum
2709 5190 2991 5252 conditor
3029 5199 3214 5253 natus
3268 5199 3365 5254 est
3390 5215 3444 5253 ι.

567 5283 922 5345 Antoninus
950 5305 1031 5346 m.
1059 5304 1191 5364 cap.
1236 5286 1347 5345 29:
1396 5308 1426 5343 ε
1450 5285 1535 5346 Et
1572 5285 1941 5348 Bethlehem
1984 5294 2082 5348 est
2121 5288 2295 5348 locus
2338 5287 2734 5366 splendidus:
2766 5288 2931 5349 servi
2958 5287 3082 5349 Dei
3117 5288 3315 5350 multi.
3345 5290 3448 5350 Ibi

568 5387 669 5442 est
696 5382 1009 5459 spelunca,
1051 5383 1158 5443 nbi
1200 5389 1384 5444 natus
1428 5390 1528 5445 est
1565 5384 1902 5446 Dominus:
1946 5385 2008 5446 in
2038 5406 2158 5463 qua
2184 5392 2284 5446 est
2321 5405 2620 5464 praesepe
2650 5405 2727 5447 ex
2754 5405 2902 5447 auro
2944 5394 3008 5447 et
3051 5394 3308 5464 argento
3353 5408 3441 5448 or-

577 5483 810 5557 natum,
839 5486 905 5541 et
931 5479 1034 5541 die
1073 5486 1379 5559 noctuque
1420 5481 1750 5543 luminaria
1788 5484 1877 5544 ibi
1941 5483 2115 5544 fiunt.
2161 5482 2250 5545 Os
2300 5503 2449 5545 vero
2490 5485 2817 5563 speluncae
2858 5484 2938 5545 ad
2977 5483 3447 5564 ingrediendum

578 5583 907 5654 angustum
947 5578 1190 5640 omnino
1213 5601 1266 5638 ».
