4642 6650
1220 763 1407 811 11:111
2471 762 2835 810 PRAEFATIO

2571 894 2610 947 s

1222 1028 1258 1074 2
1293 984 1682 1082 religionis
1718 987 1883 1060 tam
1911 1008 2272 1082 magnum
2312 984 2658 1060 laborem
2711 983 2855 1057 tibi
2910 982 3380 1079 imposuisse,
3423 984 3510 1055 ut
3566 982 3659 1057 de
3713 982 4073 1057 extremis

1170 1172 1178 1181 ·
1222 1185 1255 1218 „
1294 1152 1518 1226 porro
1548 1129 1773 1206 terris
1799 1129 2094 1206 venires
2123 1129 2221 1203 ad
2247 1128 2433 1205 haec
2461 1130 2627 1203 loca
2657 1182 2721 1215 „.
2744 1126 2941 1201 Sane
2969 1126 3276 1223 quidem
3298 1125 3922 1221 Mesopotamiam
3952 1126 4066 1200 in-

1209 1274 1488 1349 colenti
1547 1274 1796 1350 Gallia
1851 1274 2002 1350 sita
2057 1276 2227 1349 erat
2280 1274 2361 1347 in
2417 1271 2903 1348 extremitate
2956 1274 3366 1348 terrarum.

1366 1415 1842 1491 Desiderium
1880 1416 2176 1513 patriae
2230 1414 2697 1506 revisendae,
2755 1436 2905 1510 quo
2962 1413 3126 1510 ipsa
3181 1412 3672 1503 afficiebatur,
3711 1435 3803 1489 ex
3843 1413 4064 1488 corde

1201 1560 1446 1634 scatet
1499 1560 1822 1634 tristitia
1877 1560 2300 1634 suffultum.
2362 1559 2734 1646 Quoniam
2810 1559 3149 1650 veretur,
3205 1578 3302 1631 ne
3355 1555 3523 1632 voti
3577 1556 3697 1629 sui
3763 1578 4062 1652 compos

1200 1700 1340 1776 sit:
1401 1726 1665 1779 verum
1719 1707 1975 1799 negat,
2035 1703 2219 1799 quid
2272 1702 2419 1777 sibi
2473 1705 2675 1778 esset
2731 1699 3281 1797 impedimenti,
3341 1699 3746 1796 quominus
3794 1701 3892 1774 ad
3929 1724 4058 1795 pa·

1196 1843 1428 1921 triam
1456 1845 2077 1942 proficisceretur,
2119 1848 2201 1922 et
2237 1868 2617 1943 quaenam
2656 1867 2921 1921 caussa
2957 1867 3129 1919 eam
3167 1845 3247 1918 in
3284 1843 3473 1919 urbe
3522 1843 4055 1919 Constantino-

1193 1987 1350 2083 poli
1407 1987 1787 2065 detineret
1818 1981 1864 2063 ¹.
3215 2069 3219 2074 .

1354 2131 1666 2208 Ouidam
1722 2134 1919 2209 hanc
1972 2133 2435 2208 monasterio
2503 2134 2844 2207 dicatam
2919 2153 3082 2208 esse
3153 2153 3292 2206 nos
3364 2130 3599 2205 etiam
3674 2130 4052 2221 docemur,

1191 2295 1427 2368 quum
1483 2275 1708 2350 officii
1760 2276 1879 2349 sui
1953 2276 2154 2350 ratio
2230 2275 2690 2371 postularet,
2753 2277 2843 2349 ut
2899 2274 2997 2349 ad
3067 2295 3364 2349 sorores
3438 2272 3905 2349 venerabiles
3960 2272 4052 2349 de

1060 2386 1067 2391 ’
1185 2412 1367 2489 locis
1424 2418 1726 2509 sanctis,
1803 2439 1998 2513 quae
2080 2415 2417 2507 vidisset,
2491 2417 2930 2513 ritibusque
2998 2415 3203 2489 illius
3278 2415 3633 2490 ecclesiae
3704 2415 4047 2491 referret.

1185 2556 1425 2643 Quam
1481 2563 1741 2635 autem
1799 2560 2250 2636 dulcissimis
2307 2560 2557 2635 verbis
2594 2583 2814 2634 suam
2850 2581 3031 2657 ergo
3073 2560 3242 2634 illas
3283 2559 3764 2635 dilectionem
3800 2558 4044 2633 decla·

1180 2702 1346 2775 rat!
1389 2702 1588 2789 Quas
1627 2704 1853 2780 modo
1890 2706 2119 2780 lumen
2154 2728 2404 2796 meum,
2447 2705 2670 2779 modo
2707 2707 2919 2778 vitam
2955 2727 3201 2794 meam,
3242 2703 3468 2779 modo
3508 2704 3819 2777 dominas
3862 2725 4048 2777 meas

1178 2866 1457 2920 vocans
1480 2836 1531 2938 ²,
1592 2849 1683 2921 ut
1719 2848 1908 2922 nihil
1946 2846 2343 2943 antiquius
2384 2848 2505 2922 vel
2540 2847 2960 2922 studiosius
2998 2846 3144 2920 sibi
3181 2847 3308 2938 sit,
3349 2868 3581 2943 quam
3619 2867 3745 2919 eas
3783 2865 4041 2919 amore

1178 2991 1597 3087 complecti.
1656 2992 1842 3066 Mihi
1897 2992 2135 3089 igitur
2198 2992 2607 3088 Peregrina
2664 3014 2820 3066 non
2894 2992 3143 3066 solum
3218 2990 3581 3082 eiusdem,
3639 3012 3791 3086 qua
3862 2989 4040 3063 illae

1173 3132 1648 3234 tenerentur,
1689 3106 2089 3229 religiosae
2124 3134 2336 3208 vitae
2373 3133 2747 3229 particeps
2785 3132 3039 3223 fuisse,
3070 3154 3341 3207 verum
3379 3133 3617 3204 etiam
3657 3132 3736 3204 in
3775 3151 4036 3204 mona·

1172 3273 1410 3349 sterio
1449 3277 1615 3349 tum
1657 3275 2035 3372 dignitate
2071 3278 2487 3372 praestare,
2518 3278 2689 3350 tum
2724 3274 2975 3373 priore
3007 3274 3249 3350 officio
3281 3274 3546 3349 functa
3576 3263 4032 3349 videretur³.

1096 3385 1105 3394 ο
1332 3418 1630 3495 Relicta
1684 3419 1959 3516 patria,
2014 3419 2189 3495 vale
2245 3419 2427 3494 dato
2483 3420 2874 3494 sororibus
2932 3419 3112 3509 suis,
3168 3418 3553 3515 religionis
3610 3415 3863 3508 studio
3921 3415 4030 3488 in-

1169 3561 1410 3640 citata
1462 3563 2082 3662 Hierosolymam
2138 3586 2451 3661 pergere
2508 3563 2926 3639 contendit.
2982 3562 3274 3637 Itinera
3341 3563 3571 3657 longa
3625 3563 3705 3636 et
3777 3581 4027 3656 asper·

1166 3707 1398 3804 rimos
1453 3708 1751 3782 labores
1806 3709 2140 3782 sustinet
2194 3729 2507 3803 corpore
2563 3706 2967 3801 animoque
3026 3705 3272 3780 virili:
3322 3704 3497 3779 hinc
3534 3704 3838 3800 longius
3873 3726 4028 3794 non

1165 3850 1428 3924 horret
1481 3851 1717 3942 abire,
1773 3851 2071 3926 deserta
2128 3850 2427 3924 torrida
2482 3847 2907 3923 Thebaidos
2982 3868 3415 3943 peragrare,
3474 3850 3709 3942 atque
3785 3846 4029 3921 oblita

1163 3992 1285 4067 s‘ui
1340 3980 1569 4068 Sinai
1602 3995 1959 4070 scandere
2012 4017 2262 4090 rupes.
2324 3991 2567 4079 Quidi
2629 4014 2779 4065 uno
2819 3991 2939 4067 die
2975 3990 3290 4087 pedibus
3340 3991 3700 4065 continuo
3741 4012 3783 4063 e
3822 3990 4024 4067 valle

1161 4139 1501 4212 montem
1560 4136 1769 4211 Sinai
1824 4137 2085 4230 subiit,
2129 4135 2420 4231 attigit,
2461 4134 2808 4230 protinus
2849 4133 3041 4208 Oreb
3079 4133 3477 4208 lustrando
3531 4111 4018 4224 monasteria,

1158 4296 1327 4350 sero
1385 4275 1632 4351 denuo
1688 4265 1786 4351 ad
1840 4277 2143 4353 vallem.
2185 4277 2459 4373 Itaque
2497 4274 2802 4348 mulieri
2838 4273 3299 4349 fortissimae
3335 4295 3580 4369 neque
3618 4276 3839 4347 aestu
3877 4275 4019 4346 aut

1313 4617 1333 4654 ¹
1359 4619 1615 4698 Peregr.
1657 4641 1718 4700 p.
1763 4621 1876 4683 75:
1921 4642 1953 4680 ‹
1978 4619 2046 4682 Si
2087 4626 2293 4703 autem
2336 4626 2400 4683 et
2438 4628 2583 4701 post
2619 4621 2737 4683 hoc
2776 4619 2843 4682 in
2882 4640 3067 4700 corpo
3109 4619 3307 4698 fuero,
3336 4618 3391 4681 si
3421 4639 3541 4698 qua
3567 4624 3853 4699 preterea
3878 4619 4016 4680 loca

1066 4719 1079 4730 ‘
1147 4733 1517 4793 cognoscere
1557 4723 1831 4795 potuero,
1873 4726 1980 4779 aut
2019 4718 2156 4798 ipsa
2194 4737 2512 4799 praesens,
2542 4719 2598 4779 si
2623 4718 2797 4780 Deus
2825 4716 3016 4779 fuerit
3054 4722 3375 4797 praestare
3417 4717 3727 4796 dignatus,
3762 4724 4012 4778 vestrae

1144 4811 1459 4875 affectioni
1497 4814 1797 4876 referam:
1838 4821 1944 4877 aut
1984 4823 2151 4878 certe
2192 4816 2248 4877 si
2289 4815 2463 4877 aliud
2502 4814 2704 4877 animo
2747 4814 3002 4891 sederit,
3045 4813 3296 4893 scriptis
3336 4814 3651 4894 nuntiabo.
3710 4813 3843 4876 Vos
3883 4819 4014 4875 tan·

1143 4916 1295 4989 tum,
1336 4911 1639 4992 dominae,
1700 4932 2007 4976 memores
2046 4913 2167 4976 mei
2211 4933 2353 4976 esse
2414 4912 2769 4992 dignemini,
2814 4913 2948 4976 sive
2989 4913 3055 4974 in
3093 4932 3349 4993 corpore
3391 4912 3524 4975 sive
3566 4919 3741 4975 extra
3788 4932 4009 4993 corpus

1147 5009 1342 5072 fuero.
1369 5035 1401 5070 ι

1302 5106 1330 5143 ²
1360 5110 1611 5189 Pel-egr.
1651 5131 1712 5190 p.
1742 5112 1860 5173 55:
1905 5133 1937 5171 ‹
1961 5110 2245 5174 dominae
2265 5111 2683 5174 venerabiles.
2715 5158 2730 5174 .
2754 5157 2768 5172 .
2800 5158 2814 5173 .
2846 5157 2861 5172 .
2904 5110 3047 5194 ideo
3087 5085 3310 5173 fallere
3336 5131 3450 5173 vos
3480 5130 3668 5189 super
3692 5110 3849 5173 hanc
3875 5129 4007 5171 rem

1140 5225 1265 5268 non
1304 5197 1572 5287 p‘ossum.
1598 5232 1630 5267 ι
1675 5229 1735 5288 p.
1778 5211 1890 5270 68:
1936 5233 1967 5268 ‹
1991 5209 2172 5272 Unde
2215 5210 2271 5272 si
2311 5206 2483 5272 Deus
2519 5219 2732 5271 noster
2763 5212 2943 5272 Iesus
2970 5210 3247 5286 iusserit,
3280 5216 3345 5270 et
3369 5225 3597 5271 venero
3624 5208 3692 5269 in
3720 5208 4003 5288 patriam,

1138 5304 1345 5384 legam
1385 5327 1490 5369 eas
1535 5307 1857 5389 (epistolas
1885 5308 2124 5387 Aggari
2166 5316 2232 5370 et
2273 5307 2533 5388 Christi)
2563 5308 2758 5386 vobis,
2788 5308 3073 5369 dominae
3103 5308 3341 5369 animae
3381 5327 3574 5369 meae.
3601 5331 3632 5366 »
3678 5308 3764 5368 Et
3801 5327 3861 5386 p.
3893 5308 4000 5367 75:

1146 5403 1297 5467 ‹D'e
1338 5425 1455 5483 quo
1492 5405 1648 5486 loco,
1691 5406 1992 5486 dominae,
2032 5407 2244 5468 lumen
2281 5427 2517 5469 meum:
2543 5430 2574 5465 »
2620 5412 2686 5469 et
2725 5407 2970 5468 similia.

1299 5501 1325 5539 ³
1352 5503 1608 5566 Saeculo
1649 5513 1866 5583 quarto
1906 5505 2349 5567 monasterium
2388 5524 2701 5568 sacrarum
2726 5504 3036 5585 virginum
3061 5504 3273 5568 floruit
3299 5504 3364 5566 in
3392 5504 3528 5567 vico
3561 5502 3999 5584 Claudiomago

1139 5601 1330 5665 situm
1370 5601 1533 5664 inter
1571 5603 1727 5666 fines
1767 5603 2126 5683 Biturigum
2167 5613 2233 5666 et
2272 5604 2572 5669 Turones.
2615 5605 2844 5686 Sulpic.
2890 5606 3029 5668 Sev.
3072 5604 3235 5666 Dial.
3278 5604 3367 5665 11.
