4642 6650
1703 804 1764 848 V.
1810 802 1902 848 Dr.
1944 801 2320 849 mmnmA
3287 800 3447 847 1111

1982 1305 2074 1380 V.

1654 1585 1774 1654 DE
1829 1536 2395 1654 pssizEcRmA.

751 1883 998 1971 Quum
1051 1880 1279 1956 huius
1334 1878 1964 1976 peregrinationis
2018 1881 2321 1976 tempus
2385 1877 2613 1952 inter.
2642 1899 2880 1952 annos
2939 1877 3283 1952 381-388
3323 1876 3451 1953 vel

590 2023 689 2099 ad
724 2022 976 2097 minus
998 2024 1274 2098 ‘aetate
1312 2021 1712 2096 Theodosii
1769 2020 2028 2116 magni
2081 2042 2175 2096 ex
2228 2020 2725 2116 argumentiS,
2763 2020 2846 2093 ni
2886 2019 3133 2112 fallor,
3164 2040 3451 2115 nequa·

590 2190 822 2271 quam
852 2166 1265 2244 levioribus
1301 2164 1813 2241 definiendum
1850 2165 2135 2258 curavi,
2175 2165 2434 2261 magni
2470 2187 2673 2239 nunc
2708 2164 3031 2240 interest
3060 2185 3453 2260 quaerere,

593 2332 789 2406 quae
842 2309 970 2406 pia
1044 2308 1381 2384 foemina
1453 2309 1711 2401 fuerit,
1768 2330 1964 2405 quae
2028 2309 2215 2383 haec
2268 2307 2462 2382 talia
2536 2308 2934 2403 peregerit,
3009 2306 3458 2403 scriptisque

591 2451 1011 2547 reliquerit.
1043 2451 1314 2525 Omnia
1339 2451 1507 2526 loca
1535 2453 1822 2542 sancta,
1852 2450 1950 2524 ad
1980 2471 2176 2548 quae
2204 2449 2573 2525 orationis
2599 2450 2855 2546 gratia
2883 2471 2964 2525 se
2995 2443 3454 2539 contulerat,

592 2618 819 2672 curae
873 2595 1015 2671 sibi
1073 2590 1450 2671 m‘aximae
1522 2595 1675 2669 fuit
1739 2594 1835 2668 ad
1889 2618 2066 2669 suas
2139 2567 2435 2669 sorores
2510 2576 2986 2670 venerabiles
3059 2613 3455 2688 exponere,

594 2743 829 2836 atque
883 2762 1109 2814 suum
1163 2739 1434 2815 fuisset
1487 2739 1836 2831 officium,
1893 2739 2545 2814 coeremoniarum
2601 2736 3457 2834 hierosolymitanarum

591 2884 953 2958 notitiam
992 2881 1269 2959 addere
1297 2873 1342 2959 ¹.
1386 2882 1588 2970 Quas
1622 2905 1742 2959 res
1780 2873 1945 2978 ipsa
2000 2881 2327 2958 confecit
2364 2882 2695 2957 dictione
2734 2880 3074 2978 simplici,
3116 2883 3208 2954 ut
3243 2879 3308 2953 31
3343 2879 3453 2953 10-

595 3000 986 3124 queretur,
1044 3027 1294 3100 verbis
1350 3029 1573 3101 utens
1637 3026 2060 3102 vernaculis
2134 3025 2570 3122 aliquande.
2650 3025 2935 3111 Quibus
3001 3021 3459 3099 soloecismis

594 3193 674 3247 33
727 3193 973 3268 neque
1007 3191 1401 3245 romanam
1443 3192 1581 3245 330
1624 3170 1896 3245 italam
1950 3170 2204 3262 fuisse,
2260 3169 2393 3244 sed
2447 3168 2935 3258 occidentalis
2989 3167 3289 3265 imperii
3343 3190 3458 3242 re·

595 3315 945 3413 gionibus
1000 3317 1255 3390 ortam
1313 3313 1630 3411 detegit.

755 3460 1003 3534 Huius
1039 3459 1295 3556 patria
1332 3456 1569 3533 ferme
1623 3457 1776 3531 fuit
1831 3457 2112 3532 Gallia:
2154 3481 2336 3532 nam
2371 3457 2655 3533 flumen
2710 3434 3179 3554 Euphratem
3225 3480 3460 3553 quum

602 3604 766 3699 ipsa
800 3602 1141 3693 vidisset,
1174 3601 1368 3675 illud
1404 3623 1575 3676 cum
1611 3601 1983 3677 Rhodano
2011 3602 2486 3699 comparavit
2504 3593 2553 3677 ².
2585 3601 2826 3697 Atqui
2852 3601 3266 3675 Rhodanus
3305 3622 3460 3680 non

598 3745 821 3819 modo
859 3743 1316 3841 Peregrinae
1373 3745 1560 3819 bene
1615 3744 1965 3841 cognitus
2021 3748 2243 3836 333313,
2284 3744 2415 3821 sed
2472 3745 2709 3820 etiam
2763 3745 3038 3841 quibus
3092 3743 3459 3819 scriberet
3548 3833 3553 3839 ¹

599 3888 1002 3963 sororibus.
1077 3885 1290 3960 Alias
1362 3887 1658 3963 confert
1730 3888 1961 3963 maris
2015 3889 2228 3962 rubri
2303 3888 2633 3965 colorem
2689 3911 2864 3964 cum
2938 3888 3222 3980 oceani,
3281 3911 3457 3963 mox

597 4031 804 4105 illius
832 4029 1062 4104 maris
1089 4030 1325 4126 pisces
1362 4051 1534 4104 cum
1572 4030 1803 4105 maris
1841 4031 2079 4105 italici
2105 4021 2153 4104 ³.
2193 4030 2468 4127 Itaque
2496 4032 2822 4106 fortasse
2851 4031 3053 4107 inter
3089 4053 3456 4106 oceanum

597 4178 831 4271 atque
868 4196 1077 4248 mare
1114 4172 1459 4248 italicum
1496 4174 1749 4270 patria
1785 4197 1945 4265 sua,
1981 4175 2372 4270 provincia
2410 4174 2856 4265 Galliarum,
2897 4175 3454 4272 porrigebatur.

600 4319 1011 4394 Praeterea
1045 4317 1179 4391 ubi
1216 4340 1368 4413 qua
1405 4317 1713 4413 regione
1749 4339 1921 4393 eam
1958 4317 2467 4415 demigratam
2504 4341 2665 4394 esse
2704 4318 3095 4416 episcopus
3135 4319 3460 4393 Edessae

598 4462 1000 4560 perspexit,
1056 4461 1243 4535 haec
1297 4461 1368 4535 ei
1423 4460 1868 4556 alloquutus
1924 4465 2040 4537 est
2095 4454 2402 4538 verba⁴z
2471 4466 2501 4497 “
2554 4461 2787 4537 Video
2836 4465 2938 4550 te,
2985 4462 3165 4554 filia,
3204 4463 3462 4560 gratia

760 4758 780 4795 ¹
808 4759 1065 4838 Peregr.
1108 4778 1168 4838 p.
1213 4760 1321 4818 76:
1369 4781 1400 4816 ‹
1423 4757 1514 4819 Ut
1553 4764 1759 4820 autem
1800 4759 1988 4821 sciret
2016 4758 2260 4822 affectio
2287 4764 2517 4838 vestra,
2546 4779 2701 4839 quae
2729 4759 3003 4839 operatio
3038 4759 3301 4838 singulis
3330 4758 3460 4821 die·

599 4859 716 4920 bus
757 4857 983 4919 cotidie
1023 4857 1090 4918 in
1132 4856 1283 4918 locis
1323 4855 1518 4918 sacris
1577 4854 1857 4931 habetur,
1922 4865 2126 4920 certas
2166 4879 2278 4921 vos
2320 4858 2524 4921 facere
2566 4857 2828 4921 debui.»
2874 4859 2958 4919 Et
2997 4879 3059 4937 p.
3105 4860 3253 4918 104:
3319 4880 3350 4915 ‹
3376 4858 3461 4917 Et

596 4955 758 5017 illud
779 4956 968 5017 etiam
990 4955 1256 5017 scribere
1278 4954 1486 5033 debui,
1508 4954 2016 5032 quemadmodum
2036 4955 2336 5019 docentur
2356 4958 2442 5035 hj,
2468 4957 2571 5036 qui
2605 4956 3020 5036 baptidiantur
3040 4977 3152 5035 per
3171 4955 3457 5035 pascha.»

759 5053 783 5089 ²
811 5053 1067 5132 Peregr.
1108 5073 1169 5133 p.
1211 5052 1327 5113 63:
1375 5075 1406 5110 ‹
1428 5050 1660 5114 flumen
1699 5074 1989 5133 magnum
2030 5055 2516 5135 Euphraten,'et
2553 5056 2795 5134 ingens,
2839 5063 2904 5117 et
2944 5055 3121 5134 quasi
3162 5054 3462 5116 terribilis

600 5157 732 5227 est3
774 5151 866 5213 ita
904 5151 1065 5214 enim
1107 5150 1380 5213 decurrit
1417 5148 1652 5213 habens
1691 5150 2005 5232 impetum,
2047 5154 2207 5216 sicut
2245 5152 2435 5215 habet
2474 5152 2703 5215 fluvius
2744 5153 3104 5233 Rhodanus,
3131 5152 3255 5215 3131
3297 5153 3463 5230 quod

604 5247 805 5311 adhuc
842 5249 1035 5311 maior
1076 5254 1177 5310 est
1216 5247 1590 5326 Euphrates.
1616 5271 1648 5307 ›
3269 5242 3284 5258 ⁶

761 5345 787 5382 ⁸
826 5347 997 5409 Petr.
1038 5346 1116 5407 D.
1158 5365 1219 5423 p.
1265 5345 1408 5406 139:
1476 5344 1705 5408 «Mare
1758 5353 1966 5409 autem
2004 5348 2272 5410 rubrum.
2303 5394 2317 5409 .
2351 5393 2366 5408 .
2397 5394 2411 5408 .
2454 5347 2609 5410 adeo
2651 5355 2750 5411 est
2783 5348 3080 5428 limpidus
3122 5354 3187 5411 et
3228 5347 3467 5427 praelu-

600 5442 754 5507 stris
795 5450 861 5507 et
898 5443 1184 5522 frigidus,
1227 5462 1300 5503 ac
1338 5442 1394 5504 31
1435 5462 1602 5504 mare
1643 5462 1954 5508 oceanum.
1988 5492 2003 5507 .
2033 5492 2048 5508 .
2080 5491 2095 5509 .
2141 5447 2335 5508 Omne
2376 5454 2584 5509 autem
2618 5468 2814 5526 genus
2841 5448 3105 5527 piscium
3145 5447 3208 5508 in
3250 5444 3466 5508 eodem

603 5561 771 5605 mare
811 5550 957 5606 sunt
996 5541 1158 5604 tanti
1198 5539 1458 5620 saporis,
1499 5548 1572 5602 ut
1608 5541 1816 5622 pisces
1855 5544 2043 5607 133113
2082 5544 2297 5608 italici.
2323 5568 2355 5604 ›

761 5641 787 5676 ⁴
814 5641 1071 5720 Peregr.
1113 5658 1175 5718 p.
1217 5638 1314 5699 65.
