4642 6650
1697 764 1785 809 nn
1833 762 2021 808 Locts
2068 761 2340 808 sAxc‘rts
3327 746 3449 809 115

580 984 646 1058 si
697 963 1107 1081 postquam
1162 983 1489 1060 scribere
1560 988 1901 1074 conetur,
1959 985 2365 1060 materiam
2419 1006 2575 1058 non
2638 984 2982 1059 rimetur.
3043 982 3209 1058 Iam
3266 1005 3447 1059 vero

582 1110 882 1187 Christo
937 1112 1241 1206 auspice
1296 1110 1525 1184 huius
1579 1109 1899 1207 proemii
1953 1110 2099 1187 iste
2154 1112 2258 1184 sit
2310 1110 2505 1186 finis,

1033 1514 1328 1564 EXPLICIT
1383 1513 1735 1583 PROLOGVS,
1793 1515 2029 1565 INCIPIT
2083 1516 2275 1566 LIBER
2328 1516 2411 1563 DE
2466 1514 2648 1565 LOCIS
2702 1514 2984 1566 SANCTIS.

740 1740 970 1831 (Beda
1004 1762 1156 1833 cap.
1194 1740 1274 1832 Ι)
1316 1740 1524 1816 Situs
1559 1741 1772 1815 urbis
1809 1740 2237 1816 Jerusalem
2275 1763 2466 1837 pene
2504 1741 2584 1815 in
2640 1741 2900 1816 orbem
2949 1741 3451 1816 circumactus

578 1889 731 1941 non
785 1888 1024 1963 parvo
1080 1889 1477 1941 murorum
1551 1868 1850 1942 ambitu
1922 1867 2308 1963 adsurgit:
2369 1889 2521 1963 quo
2579 1867 2816 1942 etiam
2870 1869 3211 1942 montem
3270 1864 3452 1940 Sion

577 1992 913 2067 vicin‘um
949 1993 1158 2066 intra
1193 2015 1273 2067 se
1310 1992 1605 2088 recipit,
1647 1993 1779 2088 qui
1817 2017 1864 2067 a
1902 1993 2215 2068 meridie
2251 1993 2570 2090 positus,
2612 2015 2747 2088 pro
2786 2013 2958 2067 arce
2991 1991 3163 2065 urbi
3192 2014 3448 2088 super·

578 2116 878 2192 eminet.
935 2116 1183 2191 Maior
1220 2139 1393 2212 pars
1431 2117 1768 2192 civitatis
1807 2117 2009 2191 infra
2046 2120 2393 2191 montem
2430 2118 2629 2191 iacet
2683 2117 2764 2190 in
2819 2116 3144 2212 planitie
3199 2115 3451 2189 humi-

576 2242 784 2315 lioris
839 2242 1053 2317 collis
1104 2242 1278 2332 sita,
1339 2242 1553 2317 cuius
1607 2243 1688 2316 in
1725 2265 2004 2339 magno
2041 2265 2437 2317 murorum
2478 2243 2778 2318 ambitu
2817 2244 3211 2339 octoginta
3262 2266 3447 2338 qua-

573 2369 754 2440 tuor
805 2370 1059 2442 turres
1111 2370 1373 2464 portas
1429 2389 1558 2441 sex
1614 2368 1871 2443 habet.
1922 2367 2180 2442 Prima
2235 2370 2464 2463 porta
2516 2367 2764 2442 David
2822 2368 2919 2441 ad
2975 2366 3447 2442 occidentem

463 2557 466 2560 .
577 2491 858 2566 montis
914 2491 1144 2566 Sion:
1204 2491 1533 2567 secunda
1604 2495 1830 2588 porta
1883 2492 2114 2567 villae
2170 2491 2566 2566 Fullonis:
2623 2491 2861 2567 tertia
2915 2495 3139 2588 porta
3204 2490 3450 2566 sancti

578 2616 982 2713 Stephani:
1041 2622 1323 2713 quarta
1357 2622 1585 2715 porta
1622 2618 2052 2693 Beniamin:
2094 2619 2369 2714 quinta
2407 2618 2739 2713 portula,
2779 2618 2877 2691 ab
2914 2619 3058 2692 hac
3102 2629 3238 2713 per
3275 2640 3447 2713 gra-

577 2742 720 2817 dus
774 2743 872 2817 ad
924 2744 1207 2818 vallem
1265 2743 1641 2840 Josaphat
1697 2744 2221 2819 descenditur:
2280 2746 2498 2819 sexta
2550 2731 2777 2839 porta
2832 2744 3158 2819 Tecutis.
3238 2742 3446 2819 Cele-

574 2869 863 2945 briores
918 2873 1181 2946 tamen
1236 2892 1326 2945 ex
1386 2871 1502 2945 his
1541 2874 1727 2945 sunt
1761 2873 1921 2946 tres
1959 2870 2212 2945 exitus
2252 2873 2675 2967 portarum,
2735 2893 2932 2944 unus
2988 2871 3295 2966 quidem
3350 2871 3448 2944 ab

577 3017 871 3088 occasu,
928 2996 1126 3070 alius
1174 2996 1270 3071 ab
1309 2996 1855 3093 septentrione,
1894 2996 2175 3071 tertius
2212 2997 2310 3071 ab
2352 2996 2667 3070 oriente.
2709 2995 2777 3069 A
2815 2997 3130 3072 meridie
3185 2999 3448 3071 autem

577 3120 1013 3216 aquilonale
1082 3121 1367 3196 montis
1442 3121 1620 3196 Sion
1690 3120 2179 3217 supercilium
2234 3119 2751 3216 supereminet
2826 3119 3148 3210 civitati,
3224 3124 3305 3195 et
3358 3142 3449 3194 ea

575 3268 751 3341 pars
797 3268 1194 3320 murorum
1231 3267 1405 3320 cum
1445 3246 1916 3343 interpositis
1952 3246 2295 3320 turribus
2336 3246 2587 3319 nullas
2626 3245 2907 3320 habere
2947 3248 3207 3340 portas
3246 3266 3447 3319 com-

575 3373 968 3468 probatur,
1025 3372 1105 3446 id
1159 3375 1299 3464 est,
1358 3396 1405 3447 a
1441 3373 1879 3469 supradicta
1917 3374 2142 3469 porta
2179 3372 2418 3447 Davit
2454 3394 2696 3467 usque
2733 3372 2831 3445 ad
2886 3394 3054 3446 eam
3112 3371 3449 3447 eiusdem

575 3498 860 3572 montis
934 3497 1117 3572 Sion
1189 3498 1547 3592 frontem,
1604 3521 1801 3594 quae
1868 3501 2283 3594 praerupta
2355 3519 2546 3594 rupe
2615 3497 3068 3572 orientalem
3141 3497 3448 3594 plagam

573 3624 899 3721 respicit.
957 3624 1165 3699 Situs
1221 3625 1497 3721 quippe
1533 3625 1771 3722 ipsius
1810 3625 2021 3699 urbis
2060 3648 2106 3698 a
2144 3624 2545 3721 supercilio
2586 3623 2962 3720 aquilonis
2999 3623 3282 3697 montis
3330 3623 3446 3697 in-

575 3749 855 3844 cipiens
893 3748 1074 3824 Sion
1110 3750 1225 3823 ita
1262 3753 1383 3824 est
1419 3750 1631 3825 molli
1670 3750 1866 3826 clivo
1908 3750 2318 3845 dispositus
2365 3771 2606 3845 usque
2644 3750 2742 3825 ad
2778 3748 3191 3823 humiliora
3231 3748 3444 3844 aqui-

572 3875 955 3949 lonarium
1011 3877 1654 3973 orientaliumque
1691 3898 2109 3966 murorum,
2154 3879 2244 3950 ut
2289 3877 2556 3972 pluvia
2595 3877 2700 3950 ibi
2758 3876 3108 3951 decidens
3163 3897 3446 3971 nequa-

577 4024 807 4096 quam
860 4003 1170 4096 proteri,
1229 4002 1358 4077 sed
1412 4005 1601 4076 istar
1638 4002 2052 4077 fluviorum
2106 4024 2242 4097 per
2297 4001 2708 4076 orientales
2765 4001 3102 4078 defluens
3158 4004 3445 4098 portaS,

576 4126 865 4201 cunctis
920 4149 1174 4202 secum
1221 4128 1654 4224 platearum
1693 4127 2042 4202 sordibus
2078 4129 2320 4224 raptis
2359 4129 2439 4201 in
2476 4127 2680 4203 valle
2717 4127 3096 4222 Josaphat
3148 4131 3446 4202 torren-

573 4252 733 4324 tem
791 4250 1084 4326 Cedron
1138 4256 1442 4347 augeat.

735 4375 856 4466 (B.
896 4399 952 4450 c.
989 4378 1111 4469 ΙΙ)
1149 4377 1478 4473 Ingressi
1531 4400 1711 4474 ergo
1767 4379 1865 4453 ab
1913 4379 2494 4474 septentrionali
2530 4383 2749 4475 parte
2786 4379 3077 4470 urbem,
3116 4378 3449 4474 primum

576 4501 668 4577 de
719 4500 908 4576 locis
961 4503 1245 4577 sanctis
1298 4526 1435 4599 pro
1476 4502 1909 4579 conditione
1945 4504 2379 4600 platearum
2416 4504 2957 4580 divertendum
3004 4507 3124 4578 est
3178 4504 3276 4577 ad
3330 4525 3447 4579 ec-

572 4625 874 4701 clesiam
932 4625 1667 4721 constantinianam,
1724 4629 1859 4703 ubi
1923 4652 2106 4704 crux
2185 4629 2494 4704 Domini
2573 4630 2891 4731 inventa
2945 4632 3086 4704 est.
3157 4627 3447 4704 Dehinc

574 4752 671 4825 ab
727 4772 995 4826 occasu
1038 4750 1520 4847 Golgothana
1559 4753 1867 4829 videtur
1904 4755 2238 4845 ecclesia,
2277 4755 2356 4828 in
2395 4777 2548 4849 qua
2586 4754 2825 4828 etiam
2862 4775 3090 4849 rupes
3126 4754 3448 4850 apparet

574 4877 732 4967 illa,
791 4897 987 4972 quae
1041 4879 1426 4972 quondam
1480 4879 1746 4975 ipsam,
1816 4878 2066 4955 adfixo
2122 4879 2430 4954 Domini
2506 4902 2838 4975 corpore,
2914 4901 3211 4954 crucem
3277 4900 3443 4974 per·

575 5002 784 5094 tulit,
842 5006 1288 5099 argenteam
1343 5027 1545 5080 nunc
1582 5005 1948 5101 grandem
1987 5007 2371 5081 sustinens
2409 5027 2729 5097 crucem,
2786 5005 3167 5101 pendente
3225 5003 3446 5078 detu-

573 5148 711 5222 per
764 5149 1001 5202 aenea
1054 5131 1228 5202 rota
1282 5151 1457 5204 cum
1511 5130 2013 5226 lampadibus,
2071 5127 2286 5204 Infra
2340 5131 2592 5225 ipsum
2645 5152 2830 5205 vero
2894 5130 3147 5204 locum
3204 5128 3444 5202 domi·

573 5253 789 5327 nicae
843 5252 1107 5343 crucis,
1168 5255 1418 5329 excisa
1472 5255 1553 5328 in
1606 5260 1826 5350 petra
1883 5257 2153 5351 crypta
2208 5258 2350 5345 est,
2390 5256 2474 5328 in
2511 5279 2665 5350 qua
2720 5277 2947 5351 super
3001 5253 3251 5329 altare
3309 5276 3445 5349 pro

574 5376 950 5453 defunctis
989 5380 1330 5454 onoratis
1369 5380 1820 5456 sacrificium
1859 5382 2055 5456 solet
2093 5381 2374 5471 offerri,
2414 5381 2682 5476 positis
2721 5380 3032 5455 interim
3068 5379 3150 5453 in
3187 5380 3447 5475 platea

573 5501 1034 5597 corporibus,
1092 5502 1341 5579 Huius
1396 5524 1699 5601 quoque
1754 5506 1854 5579 ad
1891 5528 2242 5582 occasum
2280 5506 2594 5582 ecclesia
2646 5504 3072 5595 AnastasiS,
3129 5504 3273 5578 hoc
3327 5506 3448 5578 est

569 5628 1145 5704 resurrectionis
1181 5629 1625 5724 dominicae,
1662 5632 1999 5708 rotunda
2035 5631 2371 5722 ecclesia,
2412 5632 2660 5712 tribus
2701 5629 2951 5708 cincta
2995 5629 3442 5726 parietibuS,
