4642 6650
1507 748 1595 793 AD
1642 748 1814 795 noes
1860 749 2116 794 smera
2160 750 2269 796 ΑΝ.
2316 757 2521 798 sss-sss
3371 738 3446 801 71

2834 844 2989 852 -ὴ-

570 967 745 1041 siri:
801 965 933 1041 sed
961 987 1134 1042 cum
1162 967 1497 1042 volueris
1534 968 1666 1059 ire,
1706 969 1906 1043 imus
1942 971 2223 1060 tecum,
2263 972 2345 1044 et
2383 969 2858 1044 ostendimus
2907 971 3077 1062 tibi,
3136 995 3315 1045 nam
3372 975 3454 1048 et

573 1093 801 1172 multi
856 1092 1209 1167 monachi
1263 1092 1371 1166 ibi
1424 1095 1608 1166 sunt
1662 1094 1885 1168 valde
1940 1094 2209 1183 sancti,
2256 1097 2336 1169 et
2374 1094 2671 1185 ascites,
2704 1098 2784 1169 et
2810 1099 3078 1171 sancta
3135 1097 3451 1172 ecclesia

581 1219 693 1292 est
721 1217 854 1290 ibi.
893 1216 1096 1289 Illud
1134 1218 1370 1291 etiam
1407 1219 1770 1314 requisivi
1808 1244 1855 1293 a
1894 1222 2156 1295 sancto
2195 1222 2566 1315 episcope,
2626 1220 2940 1294 ubinam
2997 1225 3197 1297 esset
3244 1224 3455 1299 locus

581 1341 706 1418 ille
763 1340 1294 1433 Chaldeorum,
1337 1343 1469 1415 ubi
1524 1344 2069 1419 habitaverant
2123 1346 2369 1440 primo
2427 1345 2679 1418 Thara
2734 1368 2907 1419 cum
2963 1346 3142 1420 suis.
3184 1347 3394 1423 Tunc
3440 1339 3452 1447 1
3511 1362 3581 1417 53

580 1465 697 1539 ait
745 1466 979 1540 michi
1034 1468 1192 1563 ipse
1248 1470 1556 1542 sanctus
1619 1469 2050 1564 episcopus:
2110 1470 2319 1545 locus
2375 1469 2526 1560 ille,
2584 1470 2766 1560 filia,
2827 1493 3058 1566 quem
3107 1473 3454 1567 requiris,

583 1589 873 1664 decima
927 1592 1320 1667 mansione
1375 1595 1494 1667 est
1546 1593 1748 1685 hinc,
1804 1594 2013 1667 intus
2068 1594 2149 1667 in
2203 1593 2541 1668 Persida.
2591 1593 2793 1667 Nam
2830 1595 3007 1669 hinc
3062 1618 3303 1691 usque
3359 1597 3456 1671 ad

578 1712 877 1789 Nibisin
930 1716 1361 1792 mansiones
1418 1720 1601 1791 sunt
1655 1720 2036 1814 quinque;
2080 1722 2161 1793 et
2196 1718 2376 1794 inde
2421 1741 2657 1814 usque
2695 1717 2794 1792 ad
2830 1718 3021 1809 Hur,
3062 1742 3256 1815 quae
3303 1721 3459 1796 fuit

578 1840 852 1918 civitas
891 1840 1418 1934 chaldeorum,
1468 1844 1666 1919 aliae
1721 1844 2156 1919 mansiones
2213 1847 2397 1918 sunt
2442 1844 2818 1941 quinque:
2877 1843 3010 1918 sed
3068 1843 3294 1920 modo
3350 1846 3457 1919 ibi

580 1986 917 2041 accessus
945 1966 1465 2042 Romanorum
1492 1991 1645 2043 non
1675 1972 1832 2059 est;
1863 1973 2120 2044 totum
2158 1969 2363 2044 enim
2390 1968 2583 2043 illud
2610 1969 2887 2043 Persae
2924 1972 3218 2044 tenent.
3249 1969 3457 2045 Haec

581 2091 846 2164 autem
872 2115 1046 2186 pars
1101 2092 1531 2188 specialiter
1567 2093 1964 2167 orientalis
2004 2092 2463 2190 appellatur,
2503 2113 2697 2188 quae
2735 2095 2854 2166 est
2908 2091 2989 2165 in
3044 2091 3457 2167 confinium

583 2213 1104 2290 Romanorum
1140 2219 1222 2292 et
1256 2217 1688 2309 Persarum,
1718 2219 1844 2294 vel
1871 2217 2378 2293 Chaldeorum
2411 2212 2458 2291 ¹.
2491 2216 2591 2291 Et
2627 2220 2878 2291 cetera
2914 2217 3137 2310 plura
3173 2217 3456 2293 referre

582 2337 943 2434 dignatus
996 2345 1137 2432 est,
1196 2341 1393 2417 sicut
1429 2345 1510 2417 et
1547 2329 1779 2419 ceteri
1816 2343 2062 2417 sancti
2100 2342 2426 2438 episcopi
2465 2341 2587 2416 vel
2637 2342 2882 2416 sancti
2935 2343 3287 2416 monachi
3340 2343 3453 2416 fa-

581 2483 747 2537 cere
805 2464 1343 2560 dignabantur,
1386 2468 1645 2541 omnia
1679 2471 1945 2543 tamen
1985 2468 2076 2542 de
2114 2467 2510 2562 scripturis
2549 2466 2692 2541 Dei
2723 2465 2848 2541 vel
2886 2489 2932 2538 a
2961 2466 3242 2540 sanctis
3271 2467 3456 2542 viris

580 2591 821 2682 gesta,
878 2589 957 2663 id
1013 2594 1130 2666 est
1163 2593 1597 2683 monachis,
1655 2593 1815 2668 sive
1869 2593 2004 2688 qui
2045 2593 2198 2665 iam
2269 2593 2763 2681 recesserant,
2820 2611 3017 2686 quae
3073 2591 3456 2665 mirabilia

582 2711 923 2806 fecerint,
963 2715 1124 2791 sive
1162 2716 1398 2790 etiam
1426 2716 1560 2812 qui
1589 2717 1835 2792 adhuc
1872 2717 1952 2790 in
1990 2738 2300 2812 corpore
2339 2719 2547 2807 sunt,
2587 2735 2782 2811 quae
2828 2715 3105 2790 cotidie
3142 2714 3454 2808 faciant,

584 2835 666 2909 hi
718 2839 1004 2930 tamen,
1062 2839 1197 2936 qui
1240 2844 1424 2915 sunt
1478 2843 1775 2917 ascites.
1831 2841 2031 2915 Nam
2073 2842 2252 2917 nolo
2292 2841 2601 2916 estimet
2637 2839 2937 2914 affectio
2974 2841 3253 2930 vestra,
3294 2860 3454 2913 mo-

584 2962 1004 3037 nachorum
1040 2965 1451 3060 aliquando
1489 2957 1949 3062 aliquando²
1988 2966 2178 3040 alias
2209 2965 2512 3040 fabulas
2549 2983 2731 3056 esse,
2760 2964 2909 3068 nisi
2937 2967 3077 3038 aut
3104 2963 3197 3038 de
3226 2965 3455 3062 scrip-

582 3088 780 3162 turis
835 3088 999 3181 Dei,
1055 3095 1196 3165 aut
1247 3095 1466 3187 gesta
1521 3092 2066 3167 monachorum
2122 3091 2523 3165 maiorum.
2732 3077 2743 3090 '

739 3212 928 3288 Post
982 3215 1214 3291 biduo
1270 3220 1532 3291 autem
1587 3240 1822 3313 quam
1877 3216 1981 3290 ibi
2039 3216 2391 3306 feceram,
2449 3215 2669 3289 duxit
2721 3235 2859 3289 nos
2913 3214 3305 3310 episcopus
3359 3216 3460 3289 ad

584 3339 906 3432 puteum
980 3341 1233 3432 illum,
1308 3343 1443 3416 ubi
1512 3341 2037 3438 adaquaverat
2117 3346 2427 3417 sanctus
2506 3341 2732 3416 Iacob
2805 3361 3079 3438 pecora
3151 3344 3461 3417 sanctae

582 3461 904 3553 Rachel;
965 3464 1098 3561 qui
1164 3470 1439 3561 puteus
1502 3470 1717 3542 sexto
1782 3466 2114 3540 miliario
2181 3469 2299 3541 est
2355 3488 2402 3539 a
2458 3465 2797 3540 Charris:
2854 3466 2937 3539 in
2991 3452 3207 3540 cuius
3245 3465 3461 3560 putei

582 3586 950 3663 honorem
1031 3590 1408 3666 fabricata
1461 3593 1582 3666 est
1636 3591 1746 3666 ibi
1800 3593 2015 3665 iuxta
2068 3594 2336 3666 sancta
2397 3591 2708 3668 ecclesia
2771 3591 3038 3687 ingens
3101 3590 3326 3666 valde
3380 3593 3461 3666 et

583 3712 927 3807 pulchra.
968 3716 1088 3789 Ad
1127 3738 1352 3812 quem
1400 3720 1721 3813 puteum
1760 3738 1934 3791 cum
1969 3717 2464 3807 venissemus,
2521 3716 2728 3791 facta
2781 3719 2903 3789 est
2956 3716 3054 3790 ab
3111 3715 3459 3812 episcopo

584 3837 876 3912 oratio:
959 3839 1203 3914 lectus
1284 3839 1519 3915 etiam
1593 3840 1802 3914 locus
1875 3839 2034 3935 ipse
2098 3839 2193 3915 de
2258 3839 2571 3914 Genesi:
2638 3839 2888 3915 dictus
2953 3839 3188 3917 etiam
3262 3862 3461 3913 unus

584 3965 918 4060 psalmus
971 3967 1406 4061 competens
1458 3966 1666 4040 loco:
1725 3968 1959 4061 atque
1995 3965 2282 4041 iterata
2319 3965 2668 4040 oratione
2706 3965 3094 4041 benedixit
3130 3987 3267 4039 nos
3304 3965 3458 4060 epi·
3518 4030 3527 4037 .

745 4312 763 4348 ¹
797 4313 1058 4375 Constat
1084 4333 1161 4377 ex
1185 4313 1284 4376 his
1311 4314 1522 4377 verbis
1564 4315 1839 4395 episcopi
1881 4315 2254 4378 Charrarum
2293 4316 2546 4379 Nisibin
2585 4323 2898 4396 totamque
2925 4318 3242 4397 regionem
3271 4319 3463 4380 orien-

580 4411 769 4472 talem
809 4410 968 4472 citra
1007 4412 1245 4491 Tigrim
1283 4411 1349 4473 in
1387 4412 1717 4473 Persarum
1759 4412 2096 4474 dominium
2146 4412 2462 4476 redactam
2518 4418 2703 4492 atque
2757 4434 2953 4477 novos
3009 4413 3252 4493 imperii
3304 4413 3462 4476 fines

581 4509 957 4572 constitutos
998 4529 1138 4573 esse
1179 4516 1433 4591 propter
1471 4510 1818 4590 pactionem
1857 4512 1936 4572 ab
1975 4510 2232 4574 Ioviano
2272 4530 2410 4573 cum
2439 4511 2531 4574 eis
2559 4511 2816 4590 indigne
2852 4511 3213 4574 confectam.
3253 4510 3461 4585 Quare

579 4607 1136 4686 peregrinationem
1175 4608 1489 4686 aliquanto
1528 4616 1675 4690 post
1713 4608 1831 4671 hoc
1870 4597 2115 4688 tempus
2158 4611 2238 4690 (a.
2270 4611 2390 4672 363
2417 4632 2478 4691 p.
2523 4610 2693 4691 Chr.)
2736 4611 3024 4673 evenisse
3065 4616 3463 4690 perspectum

580 4705 897 4768 habemus.
939 4706 1181 4768 Nisibis
1207 4708 1355 4770 urbs
1382 4727 1607 4786 magna
1631 4706 2120 4787 Mesopotamiae
2147 4714 2214 4770 et
2238 4708 2764 4796 propugnaculum
2788 4729 3076 4771 romanae
3116 4709 3460 4771 maiestatis

582 4803 767 4865 biduo
798 4825 836 4866 a
873 4802 1124 4867 flumine
1165 4805 1342 4885 Tigri
1375 4806 1678 4868 distabat:
1719 4806 1814 4868 Ur
1840 4806 2132 4886 oppidum
2161 4807 2419 4886 quidem
2460 4807 2541 4868 ad
2582 4815 2860 4869 austrum
2900 4807 3161 4885 Nisibis,
3191 4809 3460 4886 itemque

581 4901 663 4963 ad
687 4901 968 4963 dextram
1008 4902 1238 4982 Tigris,
1265 4904 1539 4983 positum
1566 4911 1717 4967 erat.
1761 4904 1939 4981 Nam,
1982 4912 2054 4966 ut
2094 4905 2455 4967 Ammianus
2483 4906 2884 4968 Marcellinus
2912 4914 3124 4968 narrat
3153 4908 3217 4988 (l.
3249 4907 3459 4983 XXV,

582 5019 635 5061 c.
675 5001 774 5081 8),
819 4999 1127 5063 exercitus
1144 5048 1160 5079 ,
1201 5001 1265 5063 in
1303 5021 1421 5080 quo
1462 5002 1600 5082 ipse
1640 5002 1967 5078 militabat,
2009 5001 2171 5065 fame
2212 5003 2613 5082 maximisque
2663 5002 2979 5066 laboribus
3034 5012 3179 5084 post
3230 5004 3461 5066 Iuliani

581 5105 840 5161 mortem
858 5118 1050 5179 prope
1072 5107 1493 5181 consumptus,
1519 5121 1657 5163 cum
1679 5100 1855 5180 Tigri
1871 5101 1995 5163 iam
2015 5122 2229 5164 rursus
2249 5102 2512 5164 traiecto
2541 5102 3052 5181 Mesopotamiam
3080 5102 3461 5182 superiorem

579 5203 842 5277 peteret,
885 5197 967 5258 ad
1006 5197 1100 5259 Ur
1138 5198 1385 5261 nomine
1412 5199 1720 5278 persicum
1747 5200 1923 5261 venit
1950 5200 2305 5261 castellum:
2335 5207 2557 5280 postea
2583 5200 3007 5280 Thilsaphata,
3037 5199 3263 5263 deinde
3297 5200 3357 5262 N
3358 5201 3460 5263 isi-

586 5295 691 5355 bin
731 5294 964 5373 attigit.
996 5294 1202 5369 Quare
1232 5296 1335 5358 via
1361 5296 1527 5359 inter
1553 5297 1805 5362 Nisibin
1846 5306 1910 5359 et
1955 5298 2049 5358 Ur
2090 5319 2235 5359 vere
2275 5298 2427 5376 fuit;
2471 5298 2877 5377 Thilsaphata
2905 5320 3028 5359 una
3068 5319 3145 5359 ex
3191 5298 3457 5377 quinque

582 5392 1003 5454 mansionibus
1032 5395 1311 5457 eiusdem
1338 5394 1581 5457 itineris
1611 5397 1688 5456 ab
1716 5397 2005 5477 episcopo
2035 5398 2389 5459 memoratis
2419 5397 2729 5459 credenda
2767 5402 2883 5459 est.

746 5491 771 5527 ²
811 5492 1051 5554 Iterata
1092 5498 1192 5554 est
1229 5512 1353 5554 vox
1392 5495 1763 5572 aliquand03
1805 5493 2073 5557 fortasse
2114 5494 2557 5575 supplendum:
2593 5500 3033 5557 ‘monachorum
3083 5495 3299 5575 (dicta)
3349 5496 3460 5556 ali·

591 5593 840 5667 quando
886 5590 1208 5671 (veracia),
1252 5591 1591 5668 aliquando
1637 5591 1892 5672 (mer)as
1921 5593 2191 5671 fabulas
2233 5613 2400 5664 essu
2445 5593 2630 5674 (nihil
2666 5592 3039 5674 referebant)
3085 5597 3210 5653 nisi
3251 5597 3369 5654 etc.
