4642 6650
1293 683 1378 750 82
2265 712 2320 759 s.
2367 711 2631 760 savum
2673 715 3165 766 runnemnno

1287 924 1407 994 est
1442 923 2242 1021 quinquagesimarum
2279 951 2416 1025 per
2449 935 2937 1027 pentecosten
2957 926 3004 1024 ¹,
3043 935 3125 1008 in
3163 935 3372 1033 Syon
3398 933 3424 974 ²
3459 940 3914 1035 proceditur,
3943 944 4145 1018 sicut

1284 1043 1487 1118 infra
1524 1069 1723 1122 anno
1752 1053 2059 1124 tantum
2099 1049 2583 1129 invenietis³t
2622 1056 2728 1130 sic
2761 1059 3024 1131 tamen
3060 1059 3142 1131 in
3178 1058 3407 1156 Syon,
3448 1066 3540 1135 ut
3574 1067 3986 1159 antequam
4033 1064 4139 1140 sit

1283 1169 1474 1243 hora
1527 1175 1784 1264 tertia,
1842 1176 2023 1251 illuc
2080 1180 2324 1252 eatur.
2383 1178 2559 1253 Fiat
2592 1180 2924 1275 primum
2958 1182 3190 1257 missa
3224 1184 3304 1256 in
3342 1186 3733 1261 ecclesiam
3770 1191 4135 1263 maiorem

2318 1356 2527 1431 Deest
2577 1380 2794 1431 unum
2842 1360 3112 1451 folium.

1154 1562 1227 1620 59
1284 1534 1293 1642 Ι
1333 1535 1360 1578 ⁴
1397 1549 1428 1580 “
1468 1547 1921 1624 Benedictus
1960 1550 2091 1645 qui
2128 1551 2345 1626 venit
2397 1551 2478 1625 in
2533 1554 2838 1629 nomine
2892 1555 3199 1630 Domini
3225 1612 3258 1645 „
3323 1561 3405 1633 et
3456 1563 3733 1651 cetera,
3772 1583 3969 1656 quae
4021 1584 4138 1638 se·

1279 1672 1582 1745 cuntur.
1639 1672 1741 1746 Et
1794 1674 2154 1778 quoniam
2209 1697 2344 1770 per
2395 1681 2914 1771 monazontes,
2964 1681 3095 1775 qui
3132 1681 3448 1776 pedibus
3485 1684 3792 1777 vadent,
3829 1708 4130 1762 necesse

1279 1795 1396 1866 est
1450 1794 1693 1869 levius
1747 1797 1885 1886 iri;
1943 1820 2032 1872 ac
2086 1799 2192 1872 sic
2243 1800 2691 1895 pervenitur
2742 1802 3190 1880 Ierusolima
3244 1827 3337 1880 ea
3388 1808 3602 1899 hora,
3661 1832 3814 1904 qua
3865 1811 4135 1907 incipit

1275 1918 1504 1993 homo
1559 1919 1941 1996 hominem
1998 1946 2214 2018 posse
2270 1945 2738 2020 cognoscere,
2795 1926 2873 2000 id
2929 1932 3048 2002 est
3101 1952 3333 2024 prope
3387 1931 3580 2023 luce,
3637 1937 3820 2009 ante
3870 1938 4135 2011 tamen

1276 2066 1505 2138 quam
1558 2044 1694 2117 lux
1748 2045 1908 2120 fiat.
1948 2046 2098 2121 Ubi
2134 2070 2310 2123 cum
2347 2052 2804 2143 perventum
2841 2052 3099 2142 fuerit,
3137 2055 3405 2128 statim
3441 2056 3548 2130 sic
3584 2056 3665 2129 in
3715 2056 4079 2133 Anastase
4106 2052 4135 2094 ⁵

1272 2166 1704 2263 ingreditur
1756 2171 2170 2266 episcopua
2227 2176 2308 2247 et
2362 2195 2624 2249 omnes
2678 2195 2848 2249 cum
2905 2196 3022 2266 eo,
3059 2177 3194 2250 ubi
3230 2178 3639 2253 luminaria
3675 2179 3832 2255 iam
3869 2206 4134 2277 supra-

1273 2292 1499 2366 modo
1555 2294 1839 2368 lucent.
1895 2296 2195 2370 Dicitur
2247 2319 2428 2393 ergo
2487 2298 2592 2372 ibi
2647 2321 2844 2371 unus
2899 2301 3271 2394 psalmus:
3329 2300 3421 2375 fit
3481 2302 3766 2378 oratio:
3822 2306 4133 2382 benedi-

1196 2449 1214 2461 *
1272 2419 1555 2491 cuntur
1608 2420 1704 2492 ab
1760 2419 2106 2516 episcopo
2161 2422 2493 2516 primum
2548 2424 3078 2513 cathecumini,
3136 2425 3326 2499 item
3378 2426 3660 2502 fideles.
3716 2427 4013 2524 Recipit
4046 2452 4130 2506 se

1272 2540 1685 2637 episcopus,
1742 2546 1824 2616 et
1876 2543 2163 2618 vadent
2216 2566 2297 2619 se
2354 2545 2871 2642 unusquisque
2924 2547 3024 2620 ad
3079 2548 3440 2643 ospitium
3479 2573 3727 2643 suum,
3770 2555 3859 2625 ut
3894 2574 3974 2627 se
4011 2574 4133 2627 re-

1272 2669 1604 2739 sumant.
1661 2666 2151 2744 Monazontes
2205 2673 2464 2744 autem
2527 2692 2762 2766 usque
2816 2670 2915 2744 ad
2968 2672 3214 2747 lucem
3268 2673 3376 2745 ibi
3440 2677 3647 2765 sunt,
3718 2677 3801 2750 et
3860 2699 4130 2772 ymnos

1269 2788 1559 2864 dicunt.
1616 2790 1725 2865 At
1776 2793 1910 2865 ubi
1965 2797 2228 2868 autem
2282 2795 2776 2891 resumpserit
2813 2817 2893 2871 se
2930 2797 3254 2891 populus
3307 2796 3498 2872 hora
3551 2799 3961 2896 incipiente
4013 2822 4128 2877 se·

1268 2914 1539 3005 cunda,
1587 2916 1947 3013 colligent
1983 2940 2062 2992 se
2099 2941 2360 2993 omnes
2396 2921 2476 2992 in
2513 2920 2825 2994 ecclesia
2860 2922 3170 3011 maiore,
3211 2943 3406 3017 quae
3444 2925 3561 2998 est
3596 2924 3677 2996 in
3715 2923 4151 3020 Golgotha.-

1269 3036 1412 3123 Qui
1467 3042 1729 3114 autem
1785 3044 2102 3115 ornatus
2156 3042 2259 3116 sit
2311 3042 2448 3115 illa
2495 3043 2617 3117 die
2652 3043 3012 3118 ecclesiae
3048 3044 3173 3119 vel
3209 3044 3632 3138 Anastasis,
3672 3049 3812 3121 aut
3848 3046 4128 3140 CruciS,

1428 3354 1447 3390 ¹
1493 3354 2051 3435 Quinquagesimae
2093 3358 2469 3420 vocabantur
2489 3356 2930 3437 quinquaginta
2956 3356 3112 3437 dies,
3143 3358 3246 3437 qui
3274 3378 3312 3420 a
3337 3357 3581 3421 Pascha
3606 3359 3685 3421 ad
3712 3359 4130 3425 Pentecosten

1264 3451 1672 3515 intercedunt.
2374 3449 2379 3454 ⁸

1421 3549 1447 3585 ²
1487 3551 1763 3614 Basilica
1799 3551 1867 3612 in
1905 3558 2113 3614 monte
2154 3551 2303 3613 Sion
2343 3551 2665 3615 aedificata
2702 3552 2770 3613 in
2808 3552 2961 3630 loco,
3000 3552 3110 3614 ubi
3148 3552 3450 3615 Dominus
3497 3559 3641 3633 post
3678 3572 3851 3615 suam
3908 3574 4131 3617 resur-

1261 3649 1596 3711 rectionem
1635 3651 1933 3731 apostolis
1974 3652 2277 3730 apparuit,
2321 3657 2387 3714 et
2423 3649 2533 3711 ubi
2595 3651 2863 3732 Spiritus
2917 3650 3181 3713 Sanctus
3241 3671 3429 3730 super
3487 3670 3595 3713 eos
3654 3652 3994 3730 descendit,
4050 3655 4127 3714 ab

1263 3747 1560 3825 apostolis
1599 3747 1757 3826 ipsis
1794 3747 2053 3809 fundata
2089 3748 2434 3826 ferebatur;
2476 3768 2611 3810 eam
2664 3748 2962 3826 reliquiae
3015 3748 3295 3828 insignes
3348 3749 3428 3811 ad
3481 3749 3832 3828 passionem
3876 3750 4128 3812 Domini

1263 3850 1613 3923 spectantes
1641 3845 2030 3923 decorabant,
2061 3852 2127 3905 et
2154 3845 2475 3906 dicebatur
2499 3851 2891 3907 sanctissima
2916 3852 3115 3905 mater
3141 3850 3412 3906 omnium
3438 3832 3836 3906 ecclesiarum
3872 3846 4126 3927 (Sulpic.

1263 3940 1405 4002 Sev.
1445 3941 1513 4001 in
1566 3945 1704 4003 Vita
1733 3963 1782 4002 s.
1811 3944 2074 4002 Martini
2100 3941 2197 4003 ed.
2228 3942 2307 4003 de
2335 3943 2544 4020 Prato,
2574 3949 2723 4004 tom.
2761 3942 2798 4003 Ι
2823 3962 2883 4020 p.
2926 3942 3090 4022 389).
3132 3942 3413 4004 Traditio
3454 3963 3697 4022 quoque
3736 3942 4021 4023 invaluit,
4051 3965 4125 4007 eo

1259 4036 1393 4098 loco
1431 4038 1690 4099 Mariam
1726 4044 1988 4099 matrem
2026 4037 2278 4099 Domini
2317 4037 2484 4099 diem
2526 4039 2776 4115 obiisse,
2819 4045 2883 4099 et
2923 4058 3114 4117 prope
3149 4039 3393 4100 hortum
3420 4039 3778 4102 Getsemani
3819 4042 4125 4119 sepultam

1259 4134 1477 4196 fuisse.
1516 4135 1741 4196 Forma
1789 4142 1993 4197 autem
2033 4155 2293 4214 magnae
2334 4134 2627 4196 basilicae
2668 4141 2804 4196 erat
2843 4134 3277 4213 quadrilatera,
3318 4142 3389 4196 ut
3427 4136 3725 4200 Arculfus
3763 4137 4126 4201 Adamnano

1258 4233 1536 4293 narravit
1577 4233 1697 4313 (De
1726 4233 1839 4294 loc.
1868 4238 2062 4294 sanct.
2090 4232 2132 4293 l.
2160 4233 2213 4308 Ι,
2241 4251 2372 4311 cap.
2401 4232 2614 4311 XIX).
2642 4231 2806 4294 Vide
2849 4231 2910 4291 S.
2955 4231 3145 4310 Gyril.
3185 4231 3253 4291 in
3295 4230 3545 4294 Gatech.
3586 4233 3767 4295 XVI.

1418 4329 1445 4366 ⁸
1486 4331 1637 4392 Ood.
1677 4336 2060 4392 invenientia.

1415 4428 1443 4463 ⁴
1482 4429 1559 4489 In
1599 4428 1874 4489 abscisso
1916 4426 2068 4489 folio
2111 4429 2541 4489 continebatur
2582 4430 2681 4509 <ut
2721 4427 3009 4508 arbitror)
3051 4426 3344 4507 repetitio
3394 4428 3723 4490 summaria
3775 4427 4124 4491 divinorum

1258 4522 1611 4603 officiorum,
1639 4545 1793 4603 quae
1820 4524 1922 4586 die
1951 4523 2253 4586 dominico
2281 4524 2530 4602 fiebant,
2556 4532 2628 4585 ut
2655 4525 2852 4585 satius
2877 4524 3357 4604 perciperentur.
3386 4524 3619 4586 Postea
3644 4524 4123 4587 declarationem

1255 4620 1502 4699 rituum,
1530 4642 1688 4699 quae
1718 4622 1937 4683 diebus
1979 4622 2355 4684 solemnibus
2397 4623 2754 4700 agebantur,
2796 4622 3138 4699 Peregrina
3163 4621 3438 4682 oratione
3464 4622 3898 4701 complectens,
3929 4644 3967 4683 a
4005 4623 4124 4683 Pa·

1256 4720 1468 4782 schate
1506 4720 1752 4782 Natalis
1791 4720 2039 4781 Domini
2079 4718 2326 4780 initium
2364 4719 2585 4799 coepit.
2629 4718 2808 4792 Quod
2848 4718 3082 4780 festum
3140 4719 3208 4779 in
3261 4718 3519 4781 basilica
3568 4719 3914 4798 Bethleem,
3962 4740 4119 4799 quae

1256 4817 1630 4896 speluncam,
1673 4818 1737 4877 in
1777 4838 1898 4895 qua
1935 4823 2120 4878 natus
2161 4823 2261 4877 est
2300 4816 2503 4893 Iesus,
2545 4815 2870 4893 magnifice
2912 4816 3485 4895 comprehendebat,
3527 4837 3602 4878 ea
3638 4818 3777 4896 ipsa
3802 4824 3981 4880 nocte
4020 4838 4122 4879 au·

1253 4916 1533 4995 gustiore
1573 4936 1798 4996 pompa
1836 4915 2168 4976 colebatur.
2210 4915 2768 4977 Proficiscebantur
2792 4914 3226 4993 Hierosolyma
3250 4914 3674 4992 processiones
3715 4915 3818 4976 vel
3864 4915 4119 4977 litaniae

1233 5021 1396 5093 post
1436 5014 1702 5075 officium
1731 5014 2047 5074 lucernare
2074 5011 2401 5074 Bethleem
2427 5031 2647 5075 versus
2678 5010 2981 5092 (distabat
3008 5012 3170 5073 enim
3194 5010 3524 5073 Bethleem
3552 5031 3661 5074 sex
3682 5012 3958 5074 millibus
3984 5033 4119 5092 pas·

1251 5112 1474 5191 suum),
1515 5112 1871 5190 episcopum
1901 5117 1967 5171 et
1992 5109 2222 5171 clerum
2249 5108 2539 5170 universo
2563 5109 2790 5187 populo
2819 5107 3171 5169 comitante.
3212 5106 3455 5169 Deinde
3497 5108 3712 5185 sacris,
3741 5108 3877 5169 eius
3918 5107 4117 5168 noctis

1251 5213 1317 5268 et
1355 5207 1475 5268 loci
1512 5208 1781 5288 propriis
1821 5207 1888 5267 in
1935 5206 2088 5267 aede
2115 5204 2404 5285 peractis»,
2432 5226 2649 5268 rursus
2690 5224 2919 5282 omnes,
2949 5211 3241 5266 canentes
3268 5222 3486 5282 preces
3528 5211 3592 5265 et
3630 5203 3822 5265 illud:
3868 5226 3900 5261 α
3923 5203 4119 5265 Bene-

1250 5304 1455 5367 dictus
1496 5306 1602 5384 qui
1642 5305 1815 5368 venit
1851 5306 1919 5366 in
1957 5303 2202 5365 nomine
2241 5303 2491 5364 Domini
2515 5327 2571 5381 ι,
2611 5303 2838 5382 partim
2872 5321 3027 5381 equo
3066 5300 3295 5382 partim
3331 5300 3716 5381 pedetentim
3767 5299 4119 5379 Hierosoly-

1248 5422 1411 5483 mam
1449 5410 1594 5466 ante
1635 5404 1836 5465 lucem
1873 5402 2359 5465 revertebantur.
2850 5472 2861 5481 .-

1408 5499 1433 5537 ⁵
1474 5486 1672 5582 Saepe
1714 5501 1781 5561 in
1821 5498 2031 5562 codice
2074 5499 2407 5560 Anastasis
2447 5496 2740 5560 scribitur
2779 5497 3044 5559 Asta-sis.
