4642 6650
1209 745 1289 811 78
2189 760 2242 808 s.
2290 761 2554 807 snmus
2598 763 3092 811 reassumam-10

1205 984 1288 1057 et
1338 979 1740 1078 presbiteri
1792 982 2059 1057 sedent
2109 982 2297 1058 locis
2350 981 2547 1057 suis:
2606 982 2967 1058 dicuntur
3021 984 3233 1081 ymni
3288 984 3415 1060 vel
3452 984 3944 1080 antiphonae.
3985 984 4089 1058 Et

1206 1106 1306 1181 ad
1343 1106 1607 1197 (finem)
1637 1104 1771 1180 ubi
1807 1107 2151 1203 perducti
2186 1106 2478 1182 fuerint
2503 1106 2723 1182 iuxta
2752 1109 3403 1201 consuetudinem,
3432 1109 3646 1184 lebat
3681 1131 3763 1185 se
3799 1109 4088 1205 episco-

1205 1253 1370 1327 puS,
1425 1233 1507 1304 et
1560 1232 1724 1304 stat
1777 1234 1959 1306 ante
2013 1232 2458 1322 cancellum,
2499 1232 2578 1305 id
2615 1236 2734 1307 est
2787 1235 2969 1308 ante
3024 1233 3501 1329 speluncam:
3579 1238 3661 1309 et
3728 1257 3927 1307 unus
3995 1254 4089 1309 ex

1205 1353 1648 1429 diaconibus
1710 1352 1899 1428 facit
1962 1356 2765 1430 commemorationem
2827 1356 3329 1451 singulorum,
3395 1358 3593 1432 sicut
3658 1357 3854 1432 solet
3923 1378 4085 1431 esse

1204 1478 1675 1554 consuetudo
1705 1468 1754 1552 ¹.
1814 1478 1915 1552 Et
1969 1479 2287 1554 diacono
2345 1480 2643 1556 dicente
2698 1480 3174 1578 singulorum
3230 1481 3565 1572 nomina,
3623 1504 3917 1579 semper
3971 1483 4081 1577 pi·

1205 1605 1408 1678 sinni
1432 1594 1461 1637 ²
1497 1603 1808 1699 plurimi
1847 1608 2085 1696 stant,
2123 1606 2669 1703 respondentes
2705 1628 3034 1704 semper:
3074 1608 3314 1704 Kyrie
3352 1609 3684 1706 eleyson,
3726 1609 3931 1705 quod
3968 1609 4086 1682 di-

1206 1728 1445 1804 cimus
1481 1751 1658 1803 nos:
1698 1729 2053 1806 miserere
2090 1731 2465 1807 Domine:
2513 1753 2841 1827 quorum
2897 1753 3117 1807 voces
3170 1733 3519 1808 infinitae
3573 1735 3777 1809 sunt.
3834 1733 3937 1807 Et
3990 1737 4084 1807 ut

1206 1851 1340 1925 ubi
1375 1851 1737 1926 diaconus
1773 1853 2190 1949 perdixerit
2228 1855 2508 1946 omnia,
2551 1877 2749 1951 quae
2787 1855 3036 1932 dicere
3089 1856 3349 1948 habet,
3407 1857 3609 1934 dicet
3657 1856 4082 1932 orationem

1203 1976 1537 2071 primum
1574 1976 1989 2073 episcopus,
2030 1980 2111 2054 et
2147 1982 2323 2052 orat
2356 2001 2493 2074 pro
2542 1979 2939 2053 omnibus:
2996 1982 3078 2054 et
3131 1981 3238 2055 sic
3291 1984 3520 2055 orant
3573 2002 3858 2073 omneS,
3914 1983 4078 2054 tam

1206 2098 1492 2190 fideles,
1530 2123 1761 2195 quam
1801 2104 1882 2177 et
1911 2102 2423 2179 cathecumini
2459 2104 2712 2178 simul.
2741 2104 2939 2180 Item
2979 2104 3243 2179 mittet
3278 2126 3546 2180 vocem
3575 2105 3959 2197 diaconus,
3990 2109 4085 2179 ut

1151 2263 1158 2272 ·
1207 2226 1754 2322 unusquisque,
1812 2228 2190 2322 quomodo
2248 2231 2432 2318 stat,
2490 2230 3066 2305 cathecuminus
3130 2229 3448 2305 inclinet
3507 2234 3782 2326 caput:
3840 2233 3922 2305 et
3974 2230 4081 2304 sic

1084 3106 1154 3162 57

1208 2348 1407 2425 dicet
1462 2349 1855 2446 episcopus
1893 2353 2106 2424 stans
2146 2351 2752 2429 benedictionem
2808 2374 3036 2448 super
3089 2356 3680 2428 cathecuminos,
3738 2352 3935 2428 Item
3990 2353 4083 2426 fit

1207 2474 1481 2565 oratic,
1538 2477 1620 2550 et
1674 2475 1923 2550 denuo
1978 2476 2247 2550 mittet
2301 2477 2662 2552 diaconus
2716 2501 3004 2571 vocem,
3064 2482 3146 2554 et
3200 2480 3652 2569 commonet,
3705 2480 3795 2552 ut
3846 2500 4080 2551 unus·

1209 2599 1529 2694 quisque
1581 2602 1794 2674 stans
1848 2599 2183 2675 fidelium
2233 2602 2552 2676 inclinet
2604 2603 2859 2698 capita
2911 2625 3093 2677 sua:
3151 2603 3332 2678 item
3383 2603 3786 2679 benedicet
3816 2602 4079 2681 fideles

1209 2725 1624 2819 episcopua
1662 2725 1744 2799 et
1779 2723 1887 2799 sic
1923 2723 2015 2798 fit
2043 2716 2317 2800 missa³
2346 2724 2729 2800 Anastasi.
2763 2727 2864 2800 Et
2891 2727 3257 2824 incipient
3291 2728 3639 2824 episcopo
3678 2727 3776 2801 ad
3812 2750 4085 2802 manus

1210 2845 1562 2921 accedere
1597 2847 1903 2940 singuli.
1942 2847 2044 2921 Et
2078 2849 2566 2945 postmodum
2603 2850 2696 2924 de
2735 2848 3095 2925 Anastasi
3132 2872 3370 2947 usque
3415 2850 3513 2924 ad
3565 2850 3881 2926 Crucem
3918 2874 4086 2947 ym-

1208 2992 1354 3044 nus
1392 2969 1696 3060 dicitur‚
1734 2970 2124 3066 episcopus
2160 2972 2388 3047 simul
2443 2976 2524 3048 et
2574 2974 2816 3049 omnis
2851 2976 3179 3071 populus
3217 2975 3489 3050 vadet:
3534 2975 3667 3049 ubi
3703 2998 3876 3049 cum
3913 2997 4081 3069 per·

1211 3098 1487 3170 ventus
1517 3093 1778 3185 fuerit,
1827 3097 2158 3190 primum
2215 3098 2402 3173 facit
2456 3099 2922 3173 orationem:
2974 3098 2984 3191 Ι
3035 3099 3221 3175 item
3275 3099 3673 3174 benedicet
3725 3100 4082 3174 cathecu-

1209 3241 1510 3294 menos:
1567 3219 1757 3293 item
1811 3220 1904 3294 fit
1958 3221 2111 3295 alia
2166 3223 2457 3297 oratio:
2516 3224 2702 3298 item
2757 3224 3154 3300 benedicet
3206 3224 3489 3300 fideleS.
3556 3224 3659 3299 Et
3710 3227 3888 3321 post
3938 3224 4084 3299 hoc

1211 3345 1456 3420 denuo
1512 3348 1678 3419 tam
1734 3345 2122 3442 episcopus
2162 3372 2394 3444 quam
2433 3350 2676 3423 omnis
2732 3351 2964 3423 turba
3017 3350 3305 3426 vadent
3360 3351 3608 3426 denuo
3664 3353 3840 3447 post
3895 3350 4077 3425 Cru-

1209 3493 1410 3546 cem:
1453 3475 1535 3548 et
1571 3471 1678 3545 ibi
1716 3472 1966 3548 denuo
2003 3474 2357 3551 similiter
2395 3474 2507 3565 fit,
2547 3475 2770 3550 sicuti
2811 3478 2893 3550 et
2940 3479 3123 3553 ante
3161 3476 3475 3552 Crucem
3499 3468 3552 3553 ⁴.
3592 3477 3694 3551 Et
3728 3477 4081 3552 similiter

1371 3800 1390 3836 ¹
1436 3801 1947 3864 Commemoratio
1989 3810 2341 3865 sanctorum
2380 3805 2483 3867 vel
2524 3825 2734 3867 eorum
2761 3803 3209 3884 defunctorum,
3236 3827 3493 3884 quorum
3528 3804 3896 3869 decurrebat
3924 3806 4079 3882 dies,

1103 3952 1108 3957 .
1208 3918 1246 3957 a
1289 3897 1542 3961 diacono
1580 3898 1788 3979 fiebat,
1830 3900 1994 3962 unde
2035 3899 2153 3962 hae
2194 3922 2412 3981 preces
2452 3902 2728 3965 fidelium
2770 3910 2834 3965 et
2874 3903 3225 3966 diaconicae
3266 3904 3470 3966 dictae
3512 3911 3677 3966 sunt.

1365 3994 1390 4030 ²
1431 3996 1696 4074 Pisinni,
1739 4017 1850 4059 seu
1889 3998 2152 4077 parvuli,
2192 4001 2613 4078 precationem
2653 4004 2848 4081 Kyrie
2890 4006 3113 4063 eleison
3152 4002 3583 4082 decantabant,
3626 4003 3804 4064 cuius
3829 4001 3932 4065 hic
3956 4002 4080 4083 pri·

1206 4111 1374 4153 mum
1414 4095 1646 4156 mentio
1686 4094 1791 4156 fit:
1831 4115 1882 4157 s.
1926 4096 2320 4175 Augustinus
2361 4118 2604 4176 quoque
2647 4119 2781 4161 eam
2821 4106 3121 4161 memorat
3159 4100 3227 4160 in
3269 4100 3453 4179 epist.
3491 4103 3626 4179 118,
3670 4120 3782 4163 seu
3808 4100 3875 4160 in
3902 4100 4083 4161 alter-

1206 4192 1447 4254 catione
1488 4213 1625 4255 cum
1663 4194 1996 4257 Pascentio
2037 4195 2270 4257 ariano.
2310 4196 2391 4257 In
2431 4196 2857 4274 antiquissima
2908 4198 3164 4276 liturgia
3218 4217 3268 4260 s.
3324 4199 3556 4278 Iacobi,
3611 4218 3800 4278 saepe
3852 4198 4083 4277 legitur

1208 4291 1408 4370 Kyrie
1446 4295 1671 4353 cleison
1711 4312 1749 4354 a
1786 4294 2014 4373 populo
2057 4299 2298 4355 exorari
2338 4302 2484 4373 post
2522 4295 2973 4358 invocationem
3016 4296 3278 4357 diaconi.

1365 4387 1390 4423 ³
1427 4387 1527 4450 De
1567 4389 1759 4451 missa
1797 4391 2157 4471 vespertina
2197 4391 2423 4470 agitur,
2465 4392 2640 4454 cuius
2683 4413 2922 4455 sacrum
2961 4399 3106 4472 post
3143 4393 3357 4454 horam
3398 4392 3697 4454 decimam
3724 4398 3788 4453 et
3815 4391 4082 4454 officium

1205 4483 1524 4546 lucernare
1567 4504 1640 4546 eo
1680 4491 1960 4566 tempore
2002 4488 2323 4564 agebatur.
2365 4489 2662 4550 Testatur
2701 4509 2752 4551 s.
2795 4490 3184 4567 Augustinus
3228 4490 3363 4569 (ep.
3409 4491 3525 4550 118
3565 4490 3648 4551 ad
3685 4488 4077 4569 Ianuarium)

1204 4582 1270 4641 in
1307 4580 1524 4643 Africa
1565 4582 1718 4644 duas
1757 4585 1982 4646 missas
2022 4584 2177 4660 fieri,
2219 4606 2403 4647 unam
2445 4608 2623 4648 mane
2665 4595 2731 4650 et
2771 4588 3030 4649 alteram
3070 4595 3248 4649 nocte
3291 4587 3396 4667 (cf.
3442 4586 3674 4649 Concil.
3715 4587 4081 4666 Agathense

1204 4698 1337 4758 cap.
1379 4680 1477 4757 30,
1520 4687 1585 4741 et
1623 4682 2074 4745 Aurelianense
2113 4684 2237 4761 HI,
2281 4704 2413 4763 cap.
2456 4686 2581 4765 28).
2622 4686 2980 4763 Dubitatur,
3021 4693 3230 4746 utrum
3268 4686 3458 4747 missa
3498 4686 3856 4765 vespertina
3888 4684 4083 4745 fuerit

1206 4777 1439 4855 eadem,
1479 4798 1595 4839 nec
1633 4799 1731 4855 ne,
1773 4800 1928 4858 quae
1968 4782 2641 4859 praesanctificatorum
2685 4784 2927 4860 dicitur,
2956 4783 3023 4843 id
3052 4791 3151 4844 est
3178 4784 3311 4853 sine
3354 4783 3831 4845 consecratione.
3877 4784 4082 4845 Pere-

1206 4874 1385 4952 grina
1423 4875 1586 4937 inter
1636 4879 2002 4940 matutinam
2043 4885 2109 4940 et
2146 4868 2567 4958 vespertinam
2606 4881 2837 4943 nullam
2878 4880 3112 4942 indicat
3151 4879 3585 4942 differentiam.
3647 4935 3657 4941 .

1361 4973 1388 5006 ⁴
1427 4973 1596 5034 Ante
1639 4981 1705 5036 et
1742 4984 1885 5054 post
1929 4976 2206 5052 Crucem,
2246 4997 2470 5057 nempe
2513 4987 2657 5040 ante
2700 4987 2765 5041 et
2804 4987 2948 5057 post
2988 4979 3356 5057 cubiculum,
3398 4979 3462 5038 in
3506 4999 3625 5057 quo
3656 4998 3803 5040 crux
3828 4977 4080 5039 Domini

1203 5069 1584 5133 servabatur.
1625 5071 1687 5133 S.
1730 5073 2032 5135 Paulinus
2070 5073 2136 5133 in
2177 5074 2364 5154 epist.
2404 5075 2466 5137 V
2506 5075 2587 5136 ad
2627 5076 2955 5137 Severum:
3000 5097 3032 5132 ‹
3059 5076 3332 5137 Probata
3372 5097 3518 5137 crux
3549 5075 3786 5138 Christi
3815 5081 3946 5137 est:
3988 5074 4079 5134 ‹li-

1202 5186 1442 5245 gnoque
1484 5189 1625 5230 mox
1662 5171 1897 5234 ambitu
1937 5178 2351 5249 consecratur,
2394 5171 2645 5234 condita
2681 5173 2748 5234 in
2786 5173 3096 5252 passionis
3150 5173 3284 5234 loco
3341 5174 3627 5252 basilica;
3678 5194 3834 5251 quae
3877 5172 4080 5235 aureis

1203 5283 1457 5327 corusca
1483 5266 1875 5346 laquearibus
1903 5277 1965 5332 et
1995 5270 2199 5332 aureis
2226 5268 2405 5333 dives
2431 5269 2732 5333 altaribus
2771 5291 2991 5332 arcano
3032 5271 3300 5349 positam
3346 5272 3612 5334 sacrario
3654 5291 3898 5333 crucem
3937 5289 4082 5333 ser-

1202 5368 1312 5424 vat
1333 5386 1387 5425 ».
1428 5365 1821 5429 Breviarium
1873 5369 1951 5432 'de
2004 5368 2442 5448 Hierosolyma
2501 5370 2711 5431 initio:
2782 5393 2814 5428 α
2837 5369 2913 5430 In
2972 5368 3233 5430 introitu
3284 5369 3580 5432 basilicae
3627 5370 3827 5450 ipsius
3878 5368 4080 5451 (Con-

1202 5461 1489 5545 stantini)
1532 5463 1610 5525 ad
1652 5466 1966 5528 sinistram
2003 5473 2245 5546 partem
2286 5473 2387 5530 est
2427 5468 2787 5545 cubiculum,
2829 5468 2938 5529 ubi
2977 5486 3127 5528 crux
3164 5466 3418 5527 Domini
3445 5468 3652 5548 posita
3679 5475 3778 5530 est
3798 5491 3853 5527 ι.
3884 5467 4080 5527 Theo-

1204 5555 1421 5621 dosius
1462 5558 1542 5622 de
1581 5559 1775 5626 Terra
1813 5571 2028 5628 sancta
2070 5563 2237 5646 (circ.
2260 5584 2313 5626 a.
2345 5565 2521 5646 530):
2554 5589 2586 5624 α
2611 5566 2695 5628 Et
2720 5565 2786 5628 in
2812 5565 3074 5629 circuitu
3114 5563 3344 5625 montis
3386 5571 3534 5628 sunt
3571 5563 3828 5628 cancelli
3868 5562 3949 5624 de
3990 5581 4079 5623 ar.
