4642 6650
1174 748 1336 795 m
2417 743 2783 791 PRAEFATIO

1175 968 1460 1044 lebrem
1533 967 1933 1064 epistolam
2006 966 2288 1041 Christi
2359 965 2458 1039 ad
2528 964 2945 1060 Abgarum,
3020 985 3217 1059 quae
3297 962 3664 1067 religione
3739 984 4036 1037 summa

1174 1114 1498 1189 Edessae
1552 1113 2026 1201 servabatur.

1310 1254 1610 1346 ,Postea
1663 1278 2057 1352 progressa
2111 1257 2228 1331 est
2282 1275 2524 1350 usque
2563 1252 2660 1326 ad
2699 1251 2990 1344 Carras,
3032 1273 3229 1348 quae
3264 1249 3527 1326 Haran
3564 1252 3645 1325 in
3683 1251 3954 1328 Genesi
3973 1243 4032 1327 ¹:

1175 1399 1454 1474 ibidem
1513 1400 1749 1474 etiam
1804 1402 1923 1474 est
1977 1395 2072 1473 ab
2129 1397 2476 1494 episcopo
2514 1397 2886 1472 monacho
2923 1399 3004 1471 et
3041 1394 3467 1471 confessore
3513 1399 3841 1492 recepta,
3877 1419 4038 1470 mo-

1172 1545 1600 1641 nachosque
1655 1543 2133 1643 austeritatis
2169 1541 2399 1617 laude
2436 1543 2868 1639 praeclaros
2909 1541 3300 1617 convenit:
3356 1538 3723 1614 Phadana
3776 1542 4037 1614 autem

1173 1686 1462 1777 invisit,
1518 1686 1771 1762 vicum
1823 1684 2122 1761 civitati
2180 1707 2311 1759 sex
2367 1683 2744 1774 milliariis
2800 1682 3254 1779 proximum,
3312 1683 3444 1756 ubi
3492 1682 4040 1758 ostendebatur

1175 1833 1452 1928 puteus
1487 1830 1799 1907 Labani.
1843 1830 2090 1918 Quum
2129 1829 2436 1927 quidem
2472 1830 2775 1925 longius
2812 1829 2976 1926 ipsa
3013 1829 3223 1905 abire
3258 1851 3412 1904 non
3449 1831 3704 1925 posset
3730 1831 4041 1926 propter

1175 1974 1474 2048 romani
1527 1973 1823 2070 imperii
1879 1972 2064 2048 fines
2118 1973 2349 2068 paulo
2406 1975 2593 2047 ante
2649 1994 2823 2047 cum
2877 1971 3128 2047 Persis
3164 1973 3244 2046 in
3279 1971 3828 2069 Mesopotamia
3864 1993 4038 2047 con·

1177 2116 1517 2207 stitutOS,
1558 2115 2044 2192 Antiochiam
2079 2137 2215 2212 per
2250 2116 2552 2192 easdem
2579 2116 3019 2191 mansiones
3056 2136 3398 2212 regressa
3438 2118 3577 2192 est.
3620 2113 3765 2190 Sed
3793 2114 4040 2211 prius·

1177 2280 1406 2353 quam
1445 2256 2184 2353 Constantinopolim
2222 2259 2596 2354 pergeret,
2634 2257 3096 2355 martyrium
3133 2279 3191 2332 s.
3224 2256 3544 2333 Theclae
3583 2256 3660 2330 in
3700 2256 4041 2333 Seleucia

1177 2402 1517 2479 Isauriae
1571 2403 2146 2478 celeberrimum
2200 2401 2477 2499 pietati
2549 2424 2731 2478 suae
2805 2401 3083 2477 addere
3148 2403 3450 2477 maluit.
3537 2401 4040 2489 Quamobrem

1180 2569 1519 2644 gressum
1573 2547 1853 2622 direxit
1905 2546 2226 2621 Tarsum
2280 2544 2609 2638 Ciliciae,
2649 2546 2825 2622 dein
2879 2545 3482 2654 Pompeiopolim
3534 2550 3618 2623 et
3670 2546 4040 2637 Coricum,

1178 2691 1417 2766 tertio
1446 2690 1568 2766 die
1595 2689 2040 2788 perveniens
2078 2688 2499 2765 Seleuciam
2516 2683 2564 2765 ².
2609 2688 2851 2776 Quam
2890 2712 3123 2786 prope
3162 2691 3560 2766 civitatem
3588 2691 3757 2764 erat
3783 2710 4045 2763 mona-

1189 2831 1505 2908 sterium
1560 2854 1619 2905 s.
1678 2831 1998 2906 Theclae
2035 2830 2296 2921 situm,
2337 2830 2569 2927 quem'
2599 2830 3008 2905 Marthana
3045 2831 3467 2908 diaconissa
3503 2830 3820 2927 regebat
3854 2828 4043 2904 ami-

1184 2973 1482 3049 cissima
1516 2973 1978 3069 peregrinae.
2033 2971 2103 3045 A
2142 2971 2484 3048 Seleucia
2520 2972 2902 3061 'l'harsum¹
2935 2994 3263 3063 reversa,
3301 2973 3533 3063 viam,
3574 2993 3773 3067 quae
3810 2972 4045 3048 etiam

1186 3117 1491 3212 signata
1546 3117 1665 3188 est
1718 3116 1796 3188 in
1850 3114 2282 3204 ItinerariO,
2332 3135 2468 3211 per
2504 3112 3056 3211 Cappadociam
3102 3117 3184 3188 et
3237 3112 3622 3188 Galatiam
3659 3116 3740 3189 et
3774 3112 4044 3210 Bithy·

1184 3258 1394 3333 niam
1450 3257 1797 3351 confecit,
1850 3258 2116 3356 pedem
2155 3258 2429 3333 sistens
2469 3255 2939 3334 calchedone
2976 3256 3388 3355 Bithyniae
3442 3224 3752 3355 propter
3795 3257 4045 3356 sepul-

1188 3425 1498 3480 crum-s.
1537 3403 2022 3500 Euphemiae.
2064 3404 2456 3500 Bosphoro
2492 3403 2820 3480 traiecto
2863 3401 3600 3510 Constantinopolim
3637 3426 3717 3480 se
3755 3404 4045 3502 recipit,

1187 3550 1298 3625 ibi
1334 3550 1628 3626 debitas
1664 3550 1744 3623 in
1768 3547 2346 3646 Apostolorum.
2363 3548 2837 3645 caeterisque
2876 3547 3208 3636 ecclesiis
3234 3548 3395 3624 Deo
3429 3549 3704 3624 retulit
3739 3549 4056 3644 gratias„

1192 3692 1395 3789 quod
1420 3694 1724 3767 tantam
1751 3690 2437 3788 peregrinationem
2467 3689 2564 3765 ad
2591 3690 2759 3766 loca
2797 3693 3070 3799 sancta
3126 3691 3437 3767 coelesti
3472 3691 3757 3765 auxilio
3802 3689 4047 3788 perfe-

1096 3897 1103 3904 .
1193 3838 1442 3913 cisset.
1498 3834 1787 3910 Verum
1824 3856 1996 3909 cum
2052 3834 2144 3908 de
2197 3833 2335 3907 illa
2390 3832 2771 3929 sacrisque
2815 3813 3272 3910 relationem
3326 3834 3847 3931 perscriberet,
3903 3833 4048 3908 sibi

1193 3982 1579 4055 statutum
1650 3978 1803 4052 iam
1876 3975 2062 4052 erat‘
2115 3975 2377 4051 Asiam
2450 3975 2698 4052 denuo
2773 3974 3138 4073 proficisci
3194 3975 3291 4051 ad
3346 3977 3639 4051 cultum
3704 3977 4045 4074 sepulcro

1194 4146 1255 4197 s.
1310 4120 1617 4198 Ioannis
1673 4119 1998 4215 apostoli
2069 4118 2563 4193 tribuendum
2638 4119 2935 4214 Ephesi,
2993 4119 3196 4216 quod
3247 4123 3419 4194 tum
3473 4119 4043 4217 peregrinorum

1195 4266 1442 4363 pietas
1471 4286 1925 4362 magnopere
1949 4263 2492 4360 frequentabat
2508 4254 2559 4338 ³.
2593 4263 2964 4360 Equidem
2993 4263 3289 4339 incerta
3322 4266 3582 4338 utrum
3612 4263 3693 4338 in
3720 4265 4048 4362 patriam

1193 4405 1503 4498 rediret,
1541 4427 1653 4497 ea,
1695 4426 1892 4500 quae
1927 4404 2228 4495 viderit,
2285 4404 2584 4500 scriptis
2605 4402 2915 4480 ·referre
2949 4400 3372 4500 pollicetur,
3412 4408 3795 4502 postremo
3832 4428 3912 4482 se
3949 4406 4049 4480 ad

1198 4569 1453 4645 preces
1507 4568 1849 4621 sororum
1905 4544 2457 4621 venerabilium
2511 4545 3016 4622 commendat.
3719 4527 3728 4536 ’

1363 4824 1382 4861 ¹
1412 4825 1666 4906 Pei-egr.
1707 4845 1767 4906 p.
1810 4825 2009 4887 64-72.

1365 4924 1390 4962 ²
1416 4924 1670 5003 Peregr.
1711 4945 1772 5004 p.
1815 4924 2012 4986 73-74.

1363 5024 1389 5061 ³
1413 5025 1667 5104 Peregr.
1708 5042 1769 5103 p.
1811 5024 1927 5086 75:
1974 5042 2006 5080 ‹
2029 5018 2182 5082 Cum
2220 5020 2373 5084 haec
2413 5021 2493 5083 ad
2533 5028 2808 5086 vestram
2868 5021 3255 5086 affectionem
3305 5022 3538 5102 darem,
3577 5022 3700 5085 iam
3751 5023 4057 5104 propositi

1206 5129 1356 5203 erat,
1395 5122 1463 5186 in
1501 5123 1742 5186 nomine
1781 5122 1928 5186 Iesu
1968 5117 2204 5185 Christi
2243 5120 2475 5204 domini
2514 5121 2712 5184 nostri
2734 5120 2816 5183 ad
2843 5121 3039 5185 asiam
3078 5122 3432 5203 accedendi,
3458 5121 3526 5184 id
3554 5129 3656 5186 est
3681 5123 4051 5204 Ephesum.»
