4642 6650
1227 740 1487 787 XXXVIII
2478 738 2843 785 PRAEFATIO

1225 960 1427 1057 quod
1482 962 1633 1035 illis
1688 960 1783 1034 ad
1838 961 2296 1056 scripturam
2350 958 2928 1055 intelligendam
2983 963 3217 1056 atque
3272 960 3644 1057 pietatem
3703 962 4098 1037 colendam

1224 1104 1546 1179 addictis
1601 1125 1871 1178 earum
1894 1125 2148 1179 rerum
2178 1104 2509 1200 cognitio
2548 1103 2897 1200 perutilis
2936 1104 3365 1180 videbatur.
3408 1106 3604 1179 Tum
3643 1105 3812 1203 quis
3852 1106 4098 1182 nescit

1224 1266 1513 1336 omnes,
1567 1268 1806 1341 quum
1860 1243 2108 1319 virtus
2162 1243 2434 1319 bellica
2509 1243 3008 1320 christianum
3061 1267 3346 1321 nomen
3407 1268 3578 1321 cum
3633 1247 3879 1344 gloria
3933 1248 4096 1324 vin-

1224 1388 1572 1480 dicasset,
1634 1392 2078 1485 terramque
2133 1391 2476 1464 sanctam
2532 1393 3078 1485 recuperasset,
3135 1390 3366 1465 huius
3415 1390 3786 1467 videndae
3842 1392 4097 1468 studio

1224 1533 1554 1607 maxime
1607 1531 2020 1627 flagrasse‘ss
2077 1531 2412 1606 Demum‘
2459 1553 2654 1627 quae
2691 1532 3041 1608 monachi
3078 1533 3532 1624 casinenses,
3578 1534 3753 1610 illac
3789 1535 4095 1633 iampri-

1226 1676 1397 1752 dem
1434 1676 1916 1772 peregrinare
1953 1675 2143 1766 ausi,
2184 1675 2277 1750 de
2316 1674 2473 1748 suis
2513 1675 2919 1749 itineribus
2961 1677 3332 1750 nonnulla
3382 1677 3900 1771 tradidissent,
3940 1701 4093 1753 uno

1223 1825 1304 1898 in
1361 1845 1673 1919 corpore
1728 1822 2079 1917 colligere
2132 1820 2257 1896 vel
2313 1822 2595 1917 eligere
2662 1818 2936 1895 Petrus
3015 1819 3396 1896 Diaconus
3472 1821 3871 1919 cogitavit.
3929 1821 4099 1919 Ipse

1224 1969 1427 2046 enim
1485 1968 1577 2043 de
1634 1989 1856 2064 opere
1911 1988 2048 2040 suo
2101 1965 2215 2040 ita
2269 1965 2506 2041 refert
2560 1966 2642 2039 in
2696 1965 3053 2062 prologo:
3135 1969 3167 2002 “
3218 1964 3708 2040 Itinerarium
3768 1965 3859 2041 de
3912 1966 4096 2041 locis

1226 2111 1507 2187 sanctis
1548 2103 1565 2144 ¹
1611 2134 1658 2185 a
1691 2109 1910 2184 nobis
1950 2098 2368 2205 utcumque
2404 2110 2832 2198 exaratum,
2876 2110 2957 2182 et
2994 2131 3086 2183 ex
3125 2108 3507 2201 omnibus,
3546 2112 3639 2183 ut
3674 2109 3789 2184 ita
3826 2109 4094 2201 dicam,

1225 2254 1437 2328 libris
1492 2252 1919 2342 collectum,
1982 2254 2281 2326 vestrae
2335 2249 2793 2348 paternitati
2847 2249 3235 2324 destinare
3294 2252 3580 2326 curavi.
3633 2306 3664 2339 „

1382 2393 1666 2470 Verum
1720 2393 1937 2468 nobis
1976 2393 2166 2466 illud
2205 2416 2395 2489 opus
2433 2393 2529 2466 ad
2565 2414 2882 2469 examen
2934 2391 3471 2468 revocantibus
3508 2391 3797 2489 liquido
3835 2394 4084 2490 patet,

1228 2537 1545 2613 Petrum
1598 2535 2019 2612 Diaconum
2075 2536 2477 2633 praecipue
2531 2535 2828 2610 duobus
2893 2556 2981 2609 ex
3022 2534 3364 2610 fontibus
3403 2533 3782 2626 hausisse,
3816 2555 3967 2608 uno
4005 2556 4095 2608 ex

1228 2679 1482 2755 Bedae
1531 2680 1914 2775 opuscuIO,
1972 2679 2086 2755 De
2140 2678 2324 2754 locis
2380 2678 2689 2771 sanctis,
2748 2678 2993 2754 altero
3031 2700 3124 2754 ex
3170 2678 3792 2776 Peregrinatione
3845 2700 3903 2753 s,
3952 2676 4093 2756 Sil-

1227 2823 1422 2898 viae.
1478 2823 1826 2919 Reliqua,
1884 2844 2080 2920 quae
2135 2822 2304 2897 aliis
2362 2822 2636 2898 rivulis
2707 2842 3088 2917 perpauca
3161 2820 3498 2913 deduxit,
3567 2821 3863 2895 minimi
3915 2823 4096 2895 sunt

1226 2965 1593 3057 facienda,
1633 2966 2016 3063 mediique
2054 2966 2225 3042 aevi
2260 2965 2573 3063 sapiunt
2626 2963 3185 3040 credulitatem.
3226 2964 3479 3040 Bedae
3516 2964 3804 3039 librum
3837 2967 4093 3039 totum

1228 3109 1586 3206 excripsit
1640 3110 1734 3184 ad
1789 3110 2133 3201 verbum,
2192 3110 2571 3204 capitibus
2627 3108 2905 3184 locisve
2984 3107 3433 3204 opportunis
3513 3106 3795 3183 addens
3850 3109 3931 3182 et
3982 3105 4094 3180 in-

1227 3276 1480 3332 serens
1536 3277 1647 3346 ea,
1690 3277 1883 3352 quae
1921 3255 2020 3330 ad
2057 3255 2428 3331 maiorem
2485 3253 2988 3352 geographiae
3042 3276 3301 3330 sacrae
3363 3254 3874 3351 cognitionem
3912 3255 4094 3349 apta

1228 3399 1372 3473 sibi
1428 3399 1910 3473 videbantur.
1952 3399 2345 3473 Eiusmodi
2383 3398 2633 3474 fontes
2669 3399 2749 3471 in
2806 3397 3140 3474 editione
3192 3401 3480 3472 nostra·
3517 3394 4091 3493 distinguendos

1229 3543 1685 3633 curavimuS,
1740 3545 1833 3616 ut
1869 3542 2060 3615 illud
2112 3540 2435 3639 perspici
2489 3543 2769 3638 posset,
2810 3541 3013 3636 quod
3049 3541 3147 3615 ad
3185 3539 3887 3637 Peregrinationem
3926 3561 4089 3635 spe-

1229 3690 1512 3763 ctaret:
1570 3690 1871 3762 caetera
1907 3688 2190 3777 autem,
2250 3708 2576 3782 quorum
2616 3685 2827 3781 origo
2864 3685 3082 3760 nobis
3117 3686 3243 3761 vel
3281 3685 3546 3782 ignota
3581 3686 3706 3761 vel
3735 3687 4086 3782 suspecta

1230 3833 1450 3921 esset,
1507 3830 1648 3903 sub
1705 3830 2066 3925 anonymi
2119 3828 2355 3904 titulo
2409 3828 3033 3903 adiudicavimus.

1389 3972 1763 4047 Guibaldo
1819 3973 2081 4047 abbati
2137 3973 2506 4070 casinensi
2575 3943 2858 4047 librum
2913 3972 3071 4069 ipse
3125 3994 3296 4047 cum
3368 3971 3691 4067 epistola
3745 3969 4071 4045 dicavit:

1230 4116 1443 4193 cuius
1482 4115 1593 4190 rei
1647 4117 1948 4212 tempus
2003 4118 2326 4191 constat.
2384 4113 2586 4190 Nam
2651 4114 3071 4190 Guibaldus
3123 4138 3171 4188 a
3223 4113 3586 4189 Lothario
3627 4114 4084 4210 imperatore

1230 4283 1297 4335 a.
1351 4259 1545 4333 1037
1589 4258 1688 4332 ad
1742 4259 2045 4333 abbatis
2102 4258 2559 4355 dignitatem
2617 4261 2946 4349 evectuS,
2990 4260 3082 4332 ut
3131 4258 3674 4333 monachorum
3713 4255 4087 4332 discordes

1230 4406 1714 4500 componeret
1748 4403 2065 4493 animos,
2104 4424 2258 4477 non
2300 4403 2507 4477 ultra
2545 4403 2733 4477 duos
2790 4424 3082 4478 menses
3119 4400 3399 4476 difficili
3435 4423 3750 4477 munere
3777 4401 4084 4475 functus

1229 4549 1347 4623 est
1379 4537 1430 4621 ².
1471 4546 1720 4633 Quare
1757 4568 1847 4621 ea
1884 4566 2076 4643 speS,
2133 4568 2366 4642 quam
2426 4548 2514 4619 ut
2567 4544 2648 4618 in
2702 4544 3014 4640 prologo
3055 4542 3412 4635 ostendit,
3444 4542 3719 4618 Petrus
3747 4542 4084 4634 fovebat,

1230 4693 1322 4764 ut
1359 4712 1617 4765 omnes
1657 4691 2032 4764 Guibaldo
2089 4690 2369 4764 abbate
2422 4688 2774 4785 religioso
2839 4689 3030 4779 viro,
3089 4709 3169 4762 se
3222 4686 3321 4761 ad
3359 4687 3752 4762 meliorem
3788 4685 4085 4782 frugem

1228 4832 1702 4924 reducerent,
1744 4853 1921 4906 eum
1976 4831 2271 4907 fefellit.
2331 4831 2555 4905 Liber
2608 4829 2706 4904 ad
2756 4852 2896 4904 nos
2949 4852 3104 4904 non
3158 4829 3453 4925 integer
3506 4828 3875 4923 pervenit,
3917 4848 4088 4902 cum

1231 4975 1382 5049 fine
1434 4979 1717 5068 careat,
1756 4973 2112 5051 videlicet
2166 4976 2462 5072 epilogo
2519 4974 2986 5070 reliquarum
3049 4973 3386 5071 partium
3442 4969 4085 5068 Peregrinationis

1230 5144 1288 5196 s.
1348 5119 1663 5197 Silviae:
1721 5143 1917 5217 quae
1971 5120 2116 5196 etsi
2154 5120 2233 5193 in
2287 5119 2625 5196 arretino
2681 5118 2932 5195 codice
2969 5121 3399 5215 supersunt,
3455 5119 3719 5193 tamen
3772 5121 4086 5215 propter

1391 5400 1410 5439 ¹
1432 5397 1617 5461 Hunc
1655 5397 1883 5459 librum
1922 5415 2102 5460 sunm
2141 5396 2371 5460 Petrus
2411 5395 2490 5457 D.
2533 5393 2806 5475 appellat
2842 5394 2908 5457 in
2951 5394 3174 5459 Chron.
3206 5394 3408 5458 Oasin.
3437 5393 3630 5474 1v‚0.
3660 5395 3758 5458 67.
3803 5416 3837 5454 ‹
3860 5394 4091 5458 Terrae

1226 5495 1731 5577 repromissionis
1770 5493 2182 5559 Itinerarium.
2208 5517 2240 5555 ι

1387 5593 1412 5631 ²
1447 5593 1729 5673 Gattula,
1769 5593 1938 5656 Hist.
1981 5592 2144 5654 Abb.
2187 5590 2391 5655 Oasin.
2433 5589 2522 5671 Π,
2561 5611 2623 5672 p.
2666 5591 2803 5653 331.
