4642 6650
1495 794 1586 840 An
1633 795 1809 842 Loca
1856 794 2106 842 smera
2152 794 2262 842 An.
2309 798 2513 841 ass-ass
3362 772 3445 838 37

570 1017 791 1094 cuius
846 1016 1299 1091 summitate
1353 1019 1473 1090 est
1524 1015 1648 1090 hic
1700 1016 1935 1106 10000,
1993 1014 2125 1089 ubi
2181 1014 2574 1090 descendit
2626 984 2985 1090 maiestas
3040 1014 3203 1107 Dei,
3255 1014 3457 1088 sicut

563 1142 930 1239 scriptum
986 1147 1125 1234 est,
1183 1143 1264 1216 in
1321 1142 1570 1217 medio
1625 1141 1934 1215 illorum
1983 1142 1993 1234 Ι
2045 1141 2390 1216 omnium
2445 1144 2582 1217 est.
2645 1141 2749 1214 Et
2802 1164 2976 1217 cum
3031 1141 3111 1214 hi
3168 1162 3454 1230 omnes,
3511 1154 3581 1210 32

567 1268 701 1365 qui
752 1289 886 1364 per
940 1269 1190 1364 girum
1248 1271 1453 1359 sunt,
1486 1271 1653 1341 tam
1708 1265 1982 1342 excelsi
2038 1269 2242 1358 sunt,
2303 1290 2535 1363 quam
2595 1290 3016 1362 numquam
3069 1287 3194 1340 me
3265 1267 3456 1361 puto

567 1393 879 1470 vidisse:
937 1395 1200 1467 tamen
1252 1393 1413 1489 ipse
1467 1394 1597 1467 ille
1651 1392 2076 1484 medianuS‚
2135 1394 2217 1465 in
2274 1415 2425 1488 quo
2464 1391 2851 1466 descendit
2886 1391 3250 1465 maiestas
3289 1386 3455 1482 Dei,

570 1523 796 1595 tanto
854 1520 1087 1594 altior
1141 1522 1261 1594 est
1316 1519 1669 1593 omnibus
1725 1519 1900 1610 illis,
1961 1521 2053 1592 ut
2107 1541 2281 1593 cum
2337 1518 2797 1593 subissemus
2837 1519 2918 1592 in
2955 1518 3114 1610 1110,
3153 1539 3459 1613 prorsus

572 1647 724 1721 toti
778 1646 895 1720 illi
948 1649 1271 1736 monteS,
1331 1668 1518 1741 quos
1576 1646 1905 1721 excelsos
1960 1644 2422 1737 videramus,
2464 1645 2578 1719 ita
2630 1644 2832 1719 infra
2869 1666 3006 1718 nos
3045 1647 3320 1735 essent,
3372 1664 3460 1717 ac

574 1772 640 1846 si
696 1770 1025 1846 colliculi
1079 1769 1496 1866 permodici
1559 1772 1835 1844 essent.
1892 1768 2094 1842 Illud
2162 1792 2343 1844 sane
2381 1770 2570 1843 satis
2644 1768 3093 1843 admirabile
3169 1770 3310 1858 est,
3381 1769 3463 1840 et

577 1899 739 1973 sine
806 1898 952 1971 Dei
1006 1898 1260 1992 gratia
1313 1899 1502 1992 puto
1566 1896 1762 1969 illud
1826 1918 1982 1970 non
2046 1916 2233 1985 esse,
2289 1899 2382 1969 ut
2436 1919 2608 1970 cum
2649 1896 3000 1971 omnibus
3056 1895 3289 1970 altior
3361 1893 3464 1967 sit

573 2024 706 2098 ille
763 2022 1187 2113 medianus,
1246 2021 1378 2117 qui
1434 2021 1777 2117 specialis
1836 2020 2043 2118 Syna
2099 2021 2402 2113 dicitur,
2450 2021 2530 2095 id
2585 2025 2704 2096 est
2754 2022 2837 2096 in
2884 2044 3034 2119 quo
3075 2021 3466 2097 descendit

577 2149 936 2224 maiestas
1004 2147 1353 2241 Domini,
1378 2150 1656 2243 ⁴tamen
1698 2147 1967 2237 ‚videri
2032 2169 2187 2221 non
2241 2148 2504 2244 possit,
2562 2148 2711 2222 nisi
2776 2148 2874 2223 ad
2919 2149 3304 2245 propriam
3340 2172 3462 2222 ra-

577 2277 826 2352 dicem
880 2274 1089 2349 illius
1145 2275 1467 2366 11000110,
1509 2277 1690 2349 ante
1743 2278 2008 2349 tamen
2047 2297 2277 2368 quam
2317 2296 2497 2348 eum
2535 2265 2897 2348 subeas¹:
2946 2278 3140 2348 nam'
3165 2276 3465 2369 postea·

587 2425 817 2498 quam
850 2400 1228 2495 completo
1258 2400 1630 2475 desiderio
1671 2399 2144 2475 descenderis
2184 2400 2382 2493 inde,
2425 2404 2509 2474 et
2545 2400 2639 2475 de
2677 2401 2944 2475 contra
2973 2398 3196 2472 illum
3230 2398 3466 2489 vides,

584 2525 812 2624 quod,
872 2528 1289 2621 antequam
1343 2526 1640 2616 subeas,
1701 2525 1948 2601 facere
2000 2548 2157 2600 non
2212 2529 2452 2622 potes,
2512 2524 2675 2600 Hoc
2729 2528 3016 2615 autem,
3049 2528 3469 2620 antequam

580 2650 1151 2749 perveniremus
1212 2650 1310 2725 ad
1342 2653 1683 2724 montem
1730 2650 1895 2742 Dei,
1935 2651 2091 2725 iam
2137 2634 2648 2727 referentibus
2686 2650 3056 2724 fratribus
3096 2670 3467 2745 cognove-

584 2800 794 2855 ram:
852 2781 935 2852 et
988 2780 1397 2873 postquam
1454 2777 1561 2850 ibi
1616 2779 1951 2872 perveni,
2010 2777 2124 2852 ita
2179 2799 2343 2853 esse
2397 2778 2806 2853 manifeste
2860 2775 3203 2873 cognovi.

744 2901 905 2976 Nos
944 2922 1125 2996 ergo
1164 2901 1485 2975 sabbato
1516 2922 1684 2975 sera
1712 2892 1742 2935 ²
1776 2901 2096 2996 ingressi
2133 2925 2397 2976 sumus
2428 2906 2797 2995 montem,
2829 2906 2910 2978 et
2937 2902 3470 2998 pervenientes

588 3029 685 3105 ad
746 3029 1214 3103 monasteria
1281 3028 1682 3123 quaedam,
1720 3032 2220 3124 susceperunt
2272 3052 2412 3103 nos
2468 3029 2575 3103 ibi
2648 3029 2835 3104 satis
2902 3028 3236 3102 humane
3307 3049 3470 3101 mo·

582 3156 836 3248 nachi,
877 3155 1010 3251 qui
1046 3154 1158 3227 ibi
1213 3154 1896 3229 commorabantur
1913 3148 1963 3246 ⁸,
2002 3156 2457 3251 praebentes
2502 3155 2722 3229 nobis
2779 3176 3082 3230 omnem
3119 3154 3472 3227 humani-

587 3283 860 3356 tatem.
918 3278 1120 3354 Nam
1176 3281 1259 3353 et
1314 3278 1630 3354 ecclesia
1676 3280 1783 3353 ibi
1821 3282 1939 3355 est
1976 3302 2148 3355 cum
2191 3279 2651 3376 presbitero:
2692 3278 2801 3354 ibi
2838 3301 3019 3376 ergo
3054 3279 3474 3354 mansimus

749 3486 768 3521 ¹
798 3487 973 3547 Haec
1011 3485 1242 3547 montis
1284 3484 1456 3545 Sinai
1497 3482 1834 3564 descriptio
1874 3505 1992 3548 nos
2031 3485 2230 3565 primo
2272 3485 2450 3546 aditu
2489 3491 2707 3564 putare
2747 3485 2989 3546 inducit
3026 3491 3298 3546 montem
3332 3504 3476 3547 esse

587 3605 639 3647 s.
684 3583 1073 3662 catharinae,
1114 3583 1222 3661 qui
1272 3590 1511 3644 ceteros
1567 3603 1780 3646 omnes
1825 3584 1969 3662 jugi
2016 3582 2289 3645 sinaitici
2343 3583 2726 3663 praeeminet
2776 3584 2975 3645 altior.
3015 3584 3250 3646 Verum
3291 3604 3477 3661 quum

589 3681 853 3760 singula,
897 3701 1054 3759 quae
1093 3680 1385 3758 leguntur
1422 3700 1697 3759 quaeque
1739 3677 2099 3759 sequuntur,
2141 3679 2720 3759 animadvertamuS‚
2776 3681 2929 3742 haec
2982 3681 3349 3760 praesertim
3396 3680 3476 3741 ad

589 3780 919 3859 specialem
961 3778 1096 3840 eius
1136 3778 1367 3839 montis
1407 3777 1952 3840 conformationem
2006 3799 2256 3858 carpere
2298 3778 2480 3839 licet:
2529 3801 2560 3837 ‹
2604 3778 2777 3840 solus
2817 3778 3100 3857 petrinus
3142 3780 3245 3857 sit,
3289 3778 3379 3840 ita
3405 3785 3478 3839 ut

588 3898 703 3939 nec
754 3877 1043 3938 fruticem
1083 3876 1312 3938 habeat
1348 3911 1412 3921 -
1445 3876 1512 3936 in
1550 3876 1754 3938 medio
1795 3877 2042 3938 illorum
2084 3876 2351 3937 omnium
2378 3881 2481 3938 est
2506 3911 2583 3921 —
2613 3876 2813 3938 videri
2838 3897 2964 3939 non
2990 3878 3195 3957 possit
3232 3877 3356 3938 nisi
3400 3876 3480 3937 ad

588 3976 900 4055 propriam
927 3974 1198 4036 radicem
1225 3973 1396 4035 illius
1422 3975 1670 4036 veneris
1704 4010 1774 4020 -
1800 3995 1987 4055 super
2012 3975 2175 4038 valle
2204 3980 2340 4035 tota
2364 4009 2446 4022 -
2476 3999 2532 4037 ».
2577 3974 2750 4047 Quae
2779 3974 3001 4054 omnia,
3023 3996 3161 4037 cum
3189 3975 3266 4037 ab
3309 3975 3481 4036 anti—

592 4072 731 4150 quis
772 4078 905 4132 tum
946 4072 1024 4132 ab
1064 4070 1382 4132 hodiernis
1422 4071 1767 4160 peregrinis
1808 4071 2123 4151 descripta
2179 4078 2364 4150 atque
2406 4071 2780 4147 confirmata,
2826 4072 2904 4133 ad
2944 4080 3216 4134 montem
3256 4072 3481 4134 Moisis

588 4170 853 4232 maxime
891 4175 1175 4248 spectare
1215 4169 1524 4230 videntur.
1564 4169 1698 4231 Nec
1738 4169 1895 4230 illud
1936 4189 2051 4232 nos
2092 4168 2316 4249 fugiat,
2372 4170 2577 4232 locum
2631 4171 2772 4231 rubi
2827 4169 3105 4232 ardentis
3149 4170 3212 4231 in
3251 4170 3481 4232 montis

591 4268 713 4331 Dei
756 4268 1062 4330 descensu
1100 4268 1374 4346 positum
1413 4286 1572 4347 esse,
1613 4267 1719 4329 ubi
1762 4268 1809 4329 J
1812 4268 2156 4330 ustinianus
2219 4268 2662 4330 monasterium
2718 4269 2996 4330 construi
3041 4269 3274 4347 jussit.-
3318 4268 3483 4347 quod

593 4364 992 4427 traditionem
1032 4364 1381 4443 cultumque
1421 4365 1829 4427 vetustiorem
1870 4365 2069 4445 ipsius
2112 4366 2272 4428 sacri
2314 4367 2543 4428 montis
2608 4386 2896 4429 servasse
2935 4388 3047 4447 pro
3105 4375 3273 4429 certo
3316 4366 3482 4445 apud

594 4462 728 4524 fere
771 4480 983 4523 omnes
1024 4460 1303 4522 habetur.
1347 4462 1643 4524 Attamen
1684 4483 1815 4523 rem
1854 4470 2092 4525 tantam
2133 4463 2269 4525 sine
2312 4463 2569 4543 speciali
2609 4463 2882 4525 locorum
2912 4463 3154 4543 notitia,
3195 4464 3275 4526 ad
3301 4485 3484 4544 quam

595 4557 1041 4636 assequendam
1079 4557 1232 4618 mihi
1272 4557 1437 4638 libri,
1465 4578 1621 4636 quos
1649 4559 1952 4638 consulto,
1978 4579 2105 4620 non
2130 4559 2463 4626 sufficiunt.
2497 4560 2783 4638 judicare
2810 4581 2933 4622 non
2962 4562 3192 4624 audeo:
3221 4562 3484 4641 ambigit

594 4656 844 4735 quidem
883 4655 1141 4734 animus,
1183 4662 1390 4717 utrum
1429 4674 1607 4718 mons
1650 4677 1700 4719 s.
1745 4657 2129 4736 Catharinae‚
2171 4666 2242 4720 ut
2280 4659 2548 4733 videtur,
2593 4659 2699 4737 qui
2736 4667 2835 4721 est
2876 4680 2953 4721 ex
2982 4660 3266 4722 omnibus
3295 4660 3479 4722 altis-

596 4755 809 4832 simus,
851 4774 931 4816 an
969 4774 1146 4816 mons
1186 4754 1411 4816 Moisis
1452 4776 1629 4817 sacra
1668 4757 1942 4819 munitus
1982 4757 2318 4819 traditione
2362 4758 2449 4819 sit
2489 4756 2881 4837 deligenduS.

755 4851 781 4887 ²
809 4851 1079 4929 Tempus
1120 4850 1302 4913 huius
1344 4852 1725 4914 ascensionis
1766 4852 1989 4915 incidit
2026 4855 2209 4933 paulo
2237 4861 2382 4916 ante
2408 4854 2533 4915 kal.
2564 4853 2611 4915 J
2612 4856 2914 4919 anuarias.
2943 4856 3104 4918 Nam
3144 4856 3487 4935 Peregrina

596 4947 828 5010 festum
866 4947 1252 5027 Epiphaniae
1294 4948 1362 5009 in
1401 4949 1636 5010 Arabia
1675 4950 1957 5030 Aegypti
2010 4951 2268 5013 civitate
2324 4952 2682 5031 celebravit,
2725 4954 2806 5013 ad
2851 4974 3035 5031 quam
3090 4960 3162 5014 ut
3202 4973 3237 5015 e
3278 4962 3485 5015 monte

599 5046 769 5108 Sinai
810 5044 1182 5124 perveniret,
1226 5044 1285 5106 ei
1326 5046 1549 5106 saltem
1590 5045 1914 5108 duodecim
1956 5047 2195 5108 dierum
2235 5046 2507 5126 spatium
2548 5050 3009 5128 consumpsisse
3052 5051 3343 5129 oportuit.

759 5140 784 5176 ³
811 5142 894 5202 Ni
935 5139 1138 5220 fallor,
1160 5141 1311 5202 haec
1351 5144 1743 5222 monasteria,
1788 5144 1924 5205 sive
1968 5145 2192 5235 λαύραι
2216 5199 2229 5223 ,
2275 5151 2421 5205 sunt
2462 5165 2554 5224 ea,
2596 5166 2752 5223 quae
2794 5147 2978 5225 paulo
3019 5153 3165 5225 post
3200 5146 3488 5207 Saraceni

597 5241 663 5301 in
702 5241 1018 5318 regionem
1059 5240 1230 5301 illam
1271 5241 1660 5302 incursantes
1702 5239 2205 5320 deturbaverunt,
2250 5243 2476 5321 ubique
2521 5253 2768 5305 sanctos
2797 5247 3126 5308 monachos
3154 5246 3489 5306 crudeliter

599 5336 1061 5417 interfecerunt,
1084 5338 1256 5398 cuius
1284 5337 1378 5399 rei
1406 5337 1594 5398 testis
1622 5344 1806 5415 atque
1835 5339 2102 5417 scriptor
2128 5340 2335 5401 fidelis
2364 5338 2545 5401 nobis
2575 5348 2863 5421 superest
2883 5344 3245 5403 Ammonius
3266 5363 3488 5403 mona-

601 5433 753 5494 chus
797 5435 1066 5514 (Relatio
1106 5438 1181 5495 de
1210 5434 1325 5497 88.
1347 5439 1639 5511 patribus
1681 5435 1993 5516 Simitis).
2023 5436 2230 5497 Hodie
2258 5438 2434 5500 locus
2462 5445 2703 5500 tantum
2733 5441 3087 5502 ostenditur
3113 5441 3357 5520 exiguis
3388 5461 3489 5520 pa·

600 5528 849 5591 rietinis
888 5529 1173 5610 infectus,
1215 5540 1589 5611 vocaturque
1628 5534 2143 5594 De2·r-el-Arba2’n
2192 5534 2330 5597 sive
2383 5536 2744 5599 coenobium
2784 5537 3347 5618 quadragenorum,
3409 5536 3489 5598 ad

604 5630 959 5691 memoriam
1000 5632 1406 5710 quadraginta
1444 5638 1779 5710 martyrum
1820 5634 2267 5695 monachorum.
