4642 6650
1173 741 1254 805 72
1581 815 1588 824 ‚
2154 758 2208 803 6.
2257 757 2521 803 611Ν1Α3
2565 758 3059 805 vantsumu-10

1166 998 1451 1072 scopus.
1516 975 1863 1051 Vidimus
1938 976 2172 1051 etiam
2248 977 2503 1052 locum
2574 977 2795 1051 iuxta
2855 980 3175 1073 puteum
3229 978 3651 1055 iacentem¹
3712 980 4039 1078 lapidem

1165 1100 1386 1174 illum
1440 1099 1826 1175 infinitum
1879 1099 2132 1194 nimis,
2188 1123 2415 1197 quem
2478 1103 2831 1178 moverat
2883 1105 3193 1176 sanctus
3247 1101 3475 1178 Iacob
3526 1127 3574 1178 a
3609 1107 3866 1200 puteo,
3909 1107 4045 1202 qui

1168 1246 1408 1321 usque
1463 1224 1687 1300 hodie
1743 1225 2198 1300 ostenditur.
2258 1225 2377 1299 Ibi
2432 1229 2696 1301 autem
2742 1225 2939 1301 circa
2982 1229 3216 1322 puteo
3270 1227 3467 1302 nulli
3520 1230 3655 1303 alii
3711 1252 4043 1304 comma·

1165 1353 1377 1442 nent,
1432 1351 1583 1424 nisi
1635 1350 1887 1425 clerici
1924 1349 2017 1425 de
2053 1350 2219 1448 ipsa
2255 1350 2594 1442 ecclesia,
2652 1373 2848 1446 quae
2900 1350 3010 1424 ibi
3064 1355 3206 1443 est,
3246 1355 3329 1426 et
3374 1355 3722 1430 monachi
3758 1356 4043 1430 haben-

1165 1478 1286 1549 tes
1339 1475 1557 1550 iuxta
1609 1474 2076 1551 monasteria
2128 1498 2311 1550 sua:
2354 1499 2682 1572 quorum
2719 1478 2964 1552 vitam
3019 1481 3327 1553 6366166
3381 1479 3771 1576 691666966
3824 1480 4045 1554 nobis

1167 1600 1463 1687 retulit,
1503 1599 1634 1673 sed
1671 1622 1850 1676 vere
1888 1600 2318 1675 inauditam
2343 1593 2400 1676 ².
2439 1600 2551 1676 Ac
2589 1602 2696 1676 sic
2732 1623 2913 1698 ergo
2951 1602 3159 1677 13613
3197 1602 3544 1678 oratione
3582 1604 3664 1678 in
3699 1605 4037 1694 ecclesia,

1169 1725 1446 1801 accessi
1475 1747 1648 1800 cum
1685 1725 2032 1822 episcopo
2070 1726 2169 1800 ad
2205 1730 2508 1802 sanctos
2545 1722 2955 1803 monachos
2990 1749 3127 1824 per
3165 1728 3630 1804 monasteria
3674 1730 4043 1824 ipsorum,

1169 1855 1251 1928 et
1302 1851 1463 1928 Deo
1499 1852 1789 1947 gratias
1845 1873 2080 1948 agens
2136 1856 2218 1928 et
2271 1852 2476 1950 ipsis,
2517 1853 2652 1950 qui
2687 1853 2984 1950 dignati
3020 1857 3205 1929 6661
3239 1875 3361 1929 166
3397 1875 3531 1950 per
3577 1855 4043 1930 monasteria

1170 1999 1336 2068 sua,
1365 1975 1827 2071 ubicumque
1853 1976 2197 2072 ingressa
2225 2001 2420 2069 sum,
2450 1978 2723 2053 libenti
2750 1980 3007 2054 animo
3037 1979 3436 2075 suscipere,
3468 1982 3549 2054 et
3577 1979 3865 2076 alloqui
3895 1978 4048 2052 illis

1170 2102 1672 2193 sermonibus,
1702 2124 1892 2196 quos
1923 2101 2240 2199 dignum
2277 2106 2447 2178 erat
2483 2103 2577 2178 de
2606 2125 2737 2178 ore
2775 2104 3086 2179 illorum
3114 2103 3542 2200 procedere.
3574 2102 3776 2180 Nam
3802 2107 3884 2178 et
3911 2125 4042 2179 eu-

1170 2227 1415 2323 logias
1453 2224 1749 2322 dignati
1787 2228 1972 2300 6661
2007 2225 2191 2303 dare
2226 2228 2459 2303 michi
2495 2231 2576 2303 et
2615 2229 2990 2320 omnibus,
3024 2228 3155 2324 qui
3192 2202 3490 2304 mecum
3527 2219 3820 2320 613613,
3850 2230 4052 2304 616111

1171 2356 1291 2428 661
1317 2350 1788 2426 66666616116
1825 2352 2219 2427 monachis
2256 2353 2462 2443 dare,
2500 2354 2620 2428 his
2657 2357 2943 2445 tamen,
2976 2327 3174 2450 'quos
3210 2354 3484 2430 libenti
3519 2352 3777 2429 animo
3814 2353 4047 2429 susci·

1171 2476 1397 2573 piunt
1450 2477 1532 2550 in
1586 2475 2072 2550 monasteriis
2125 2477 2304 2551 suis,
2364 2477 2466 2552 Et
2513 2478 2876 2573 quoniam
2912 2478 3071 2575 ipse
3106 2479 3317 2554 16666
3355 2479 3435 2552 16
3473 2499 3739 2574 631696
3780 2477 4051 2573 grandi

1173 2604 1314 2693 est,
1345 2601 1438 2675 de
1466 2604 1733 2676 contra
1769 2604 2118 2676 ostensus
2155 2605 2273 2676 est
2308 2602 2501 2676 mihi
2536 2627 2583 2677 3
2619 2605 2884 2678 636616
2921 2603 3270 2700 69166696
3298 2601 3509 2678 vicus
3540 2602 3806 2696 ingens
3834 2603 4047 2691 satis,

1173 2727 1374 2801 forte
1428 2723 1526 2798 ad
1584 2724 2042 2821 quingentos
2096 2748 2358 2822 passos
2412 2726 2504 2802 de
2559 2728 2819 2822 pute0‚
2859 2748 2994 2823 per
3028 2748 3256 2824 quern
3301 2726 3555 2802 vicum
3592 2728 3742 2801 iter
3777 2724 4049 2799 habui-

1173 2871 1369 2925 mus.
1391 2848 1532 2923 Hic
1560 2855 1822 2924 autern
1850 2849 2087 2942 vicus,
2109 2854 2484 2946 1163111616
2514 2850 2902 2951 691666966
2932 2849 3253 2943 dicebat,
3275 2850 3427 2924 fuit
3455 2850 3839 2945 quondam
3859 2847 4049 2925 villa

1175 2974 1436 3048 Laban
1474 2974 1646 3049 siri:
1688 2973 1822 3071 qui
1858 2975 2081 3051 vicus¹
2101 2975 2535 3072 appellatur
2564 2974 2875 3049 Fadana
2900 2967 2947 3049 ⁴.
2976 2974 3178 3049 Nam
3217 2983 3523 3050 6616663
3558 2977 3677 3049 661
3713 2972 3943 3048 1616111
3972 2972 4052 3046 in

1173 3098 1335 3194 ipso
1391 3097 1560 3173 vico
1613 3095 1983 3173 memoria
2037 3099 2298 3173 Laban
2351 3098 2508 3190 siri,
2569 3090 2579 3199 Ι
2637 3099 2878 3174 soceri
2930 3099 3200 3174 Iacob:
3259 3101 3611 3174 ostensus
3653 3100 3774 3174 est
3817 3095 4055 3172 etiam

1175 3222 1405 3297 michi
1439 3222 1673 3316 locus,
1705 3222 1904 3297 116116
1932 3223 2191 3298 furata
2227 3226 2347 3298 est
2382 3224 2664 3299 Rachel
2700 3223 2905 3299 idola
2941 3224 3184 3320 patris
3222 3224 3343 3298 sui
3369 3219 3423 3299 ⁵.
3454 3225 3562 3298 Ac
3596 3223 3704 3297 sic
3748 3243 3926 3316 ergo
3967 3221 4051 3293 in

1175 3348 1481 3423 nomine
1509 3348 1653 3424 Dei
1680 3348 1997 3444 pervisis
2033 3350 2407 3441 omnibus,
2437 3350 2723 3424 faciens
2758 3352 2931 3425 vale
2967 3354 3232 3425 sancto
3270 3351 3616 3448 69166696
3656 3353 3738 3424 61
3765 3348 4046 3422 6366116

1176 3473 1589 3564 1666361116,
1647 3472 1782 3570 1161
1816 3495 1956 3548 666
1994 3496 2233 3570 usque
2271 3474 2370 3548 ad
2408 3475 2625 3548 illum
2664 3475 2917 3550 locum
2958 3475 3325 3550 deducere
3365 3475 3662 3569 dignati
3715 3472 4051 3561 fuerant,

1175 3597 1497 3694 regressi
1550 3621 1817 3673 sumus
1869 3621 2003 3694 per
2059 3600 2208 3674 iter
2262 3600 2386 3675 vel
2441 3600 2893 3691 6136616666,
2952 3622 3141 3696 quas
3198 3620 3653 3676 veneramus
3724 3598 3816 3673 de
3888 3595 4054 3670 An-

1177 3722 1492 3798 thiocia.

1338 3849 1749 3924 Anthiocia
1804 3851 2069 3926 3111616
2123 3871 2294 3925 6616
2352 3851 2662 3925 fuissem
2716 3871 3081 3946 regressa,
3139 3850 3286 3926 feci
3340 3850 3828 3947 postmodum
3887 3868 4056 3945 sep-

1104 4035 1114 4045 .
1177 3974 1497 4067 timana,
1557 3995 1954 4070 quousque
2007 3996 2121 4065 ea,
2179 3995 2377 4070 quae
2433 3975 2856 4051 necessaria
2920 3978 3145 4050 erant
3217 3975 3500 4064 itineri,
3571 3977 4052 4071 pararentur.

1178 4100 1280 4174 Et
1332 4099 1440 4176 616
1491 4099 1968 4196 proficiscens
2023 4098 2117 4175 de
2170 4098 2605 4190 Anthiocia,
2665 4100 2948 4175 faciens
3003 4101 3153 4175 iter
3219 4121 3355 4197 961·
3417 4100 3846 4175 mansiones
3915 4098 4057 4172 ali-

1178 4228 1393 4322 quot,
1452 4224 1765 4321 perveni
1802 4224 1901 4298 ad
1937 4224 2435 4320 provinciam,
2494 4247 2691 4321 quae
2738 4224 3001 4301 Cilicia
3055 4225 3510 4321 appellatur,
3565 4247 3766 4321 quae
3819 4224 4060 4299 habet

1342 4428 1362 4465 ¹
1394 4427 1545 4491 Cod.
1586 4433 1838 4490 iacente.

1338 4527 1363 4564 ²
1388 4526 1678 4590 Monachi
1716 4528 2200 4608 mesopotameni
2240 4528 2333 4590 ita
2358 4547 2641 4610 asperam
2663 4527 3097 4607 horridamque
3124 4549 3312 4608 supra
3336 4529 3524 4591 fidem
3548 4527 3743 4591 vitam
3770 4527 4057 4606 agebant,

1177 4633 1249 4688 ut
1276 4624 1356 4688 de
1385 4644 1593 4688 eorum
1616 4624 2020 4705 poenitentiis
2044 4624 2502 4705 virtutibusque
2530 4627 2838 4689 mirabilia
2874 4634 3288 4689 narrarentur.
3329 4626 3493 4689 Vide
3533 4626 3936 4687 Sozomenum
3972 4623 4058 4684 Η.

1177 4725 1221 4788 1.
1250 4725 1365 4802 VI,
1392 4745 1445 4787 6.
1487 4725 1567 4784 33
1608 4730 1673 4786 61
1712 4726 1818 4802 34;
1860 4724 2213 4802 Tillemont,
2254 4727 2579 4787 Memoires
2619 4732 2664 4787 t.
2707 4725 2889 4802 VIII,
2932 4746 3073 4805 pag.
3114 4726 3237 4787 294
3274 4725 3341 4786 in
3383 4724 3447 4787 S.
3488 4722 3776 4802 Ephrem.

1340 4821 1366 4860 ³
1390 4823 1689 4884 Fortasse
1729 4822 1892 4884 inter
1929 4824 2187 4885 comites
2227 4824 2603 4902 Peregrinae
2659 4831 2793 4887 erat
2845 4824 2954 4886 ille
3007 4823 3270 4885 Rufinus
3324 4820 3776 4901 Aquileiensis,
3832 4819 3937 4898 qui
3992 4818 4060 4880 in

1179 4924 1445 4986 historia
1484 4922 1908 4985 ecclesiastica
1949 4922 2054 5004 (Η.
2099 4923 2171 4984 Ε.
2214 4923 2256 4984 1.
2297 4923 2417 5001 XI,
2460 4944 2591 5003 cap.
2633 4925 2718 5005 8),
2761 4943 2898 4985 6616
2939 4923 3207 4985 virtutes
3246 4920 3678 4984 monachorum
3717 4918 4061 4980 Thebaidis

1183 5029 1250 5085 et
1287 5020 1771 5101 Mesopotamiae
1798 5028 2133 5099 narrasset,
2161 5022 2314 5084 haec
2339 5021 2584 5082 addidit
2610 5022 2833 5084 verba:
2878 5044 2911 5081 ‹
2935 5042 3089 5100 quos
3116 5022 3241 5101 ipsi
3267 5042 3379 5101 per
3404 5040 3519 5083 nos
3549 5019 3715 5101 apud
3754 5019 4061 5082 Edessam

1185 5125 1249 5183 et
1287 5120 1355 5179 in
1397 5119 1766 5181 Charrarum
1806 5119 2091 5197 partibus
2131 5118 2423 5196 vidimus,
2465 5120 2570 5182 vel
2611 5119 2929 5181 auditione
2972 5118 3305 5181 didicimus
3330 5142 3385 5180 ›.

1345 5219 1373 5253 ⁴
1396 5219 1569 5278 Haec
1612 5216 1984 5279 Sozomenus
2027 5219 2132 5299 (H.
2173 5217 2215 5279 1.
2255 5219 2369 5297 VI,
2412 5238 2463 5280 c.
2507 5218 2609 5298 33)
2653 5219 2902 5279 scribit:
2946 5215 2981 5276 ⁴«
3005 5217 3215 5279 Aones
3261 5217 3641 5298 (monachus)
3685 5214 4062 5289 domicilium

1185 5315 1404 5378 habuit
1442 5316 1508 5376 in
1549 5315 1847 5377 Phadana
1885 5318 1969 5396 (ἐν
2018 5309 2331 5403 Φαὸανᾷ),
2378 5336 2495 5395 quo
2536 5316 2603 5377 in
2642 5317 2775 5378 loco
2816 5317 3002 5377 Iacob
3051 5315 3384 5377 Abrahami
3411 5336 3608 5396 nepos
3639 5336 3715 5378 ex
3742 5313 4067 5375 Palestina

1185 5412 1462 5492 veniens,
1503 5412 1774 5491 puellam
1814 5412 2092 5492 offendit,
2135 5433 2314 5492 quam
2355 5423 2576 5495 postea
2613 5413 2792 5476 duxit
2816 5434 3104 5476 uxorem:
3132 5420 3457 5492 amotoque
3484 5411 3712 5493 lapide,
3741 5430 3862 5490 quo
3891 5430 4062 5489 oper-

1188 5519 1321 5574 tum
1362 5517 1497 5572 erat
1537 5528 1609 5571 os
1647 5509 1842 5589 putei,
1882 5511 2149 5591 primum
2188 5511 2360 5574 illius
2400 5531 2654 5592 gregem
2694 5511 2783 5573 ibi
2822 5510 3074 5590 aquavit
3094 5534 3148 5571 ›.

1347 5606 1372 5643 ⁸
1399 5605 1552 5670 Gen.
1595 5606 1847 5684 XXXI,
1888 5628 1949 5672 ν.
1994 5610 2088 5671 19.
