4642 6650
1177 716 1226 760 x
2429 715 2796 793 Pmmno

1173 934 1337 1010 licis
1390 934 1716 1009 traslata
1752 934 1987 1010 fuisse
2022 934 2376 1011 novimus
2404 927 2450 1027 ¹,
2489 936 2926 1034 perquirere
2961 959 3116 1014 non
3152 938 3612 1035 destitimuS,
3663 942 3755 1015 ut
3801 939 4038 1016 etiam

1175 1081 1269 1156 de
1322 1079 1465 1154 hoc
1518 1078 1928 1155 veritatem
1984 1101 2585 1176 assequeremur.

1335 1224 1428 1298 In
1479 1223 1727 1321 prima
1781 1223 2054 1300 codicis
2109 1227 2352 1320 parte,
2391 1225 2470 1299 id
2507 1228 2625 1301 est
2673 1227 3105 1322 quindecim
3142 1228 3407 1325 primis
3444 1229 3671 1321 foliis,
3713 1230 4043 1305 nonnul-

1167 1370 1420 1444 lorum
1491 1368 1945 1444 abscissione
2008 1369 2482 1467 interruptis,
2542 1392 2600 1444 S.
2655 1369 2935 1444 Hilarii
3008 1371 3417 1449 Tractatus
3487 1373 3580 1450 de
3652 1372 4041 1473 Mysteriis

1171 1516 1253 1587 et
1287 1511 1574 1610 Hymni
1612 1513 2146 1588 continentur:
2204 1512 2285 1587 in
2341 1513 2672 1588 secunda
2710 1516 2994 1607 autem,
3032 1538 3229 1612 quae
3265 1516 3471 1592 foliis
3509 1521 3815 1593 constat
3853 1516 4042 1593 duo-

1170 1655 1313 1728 bus
1351 1657 1432 1728 et
1468 1654 1766 1749 viginti,
1807 1655 2333 1751 Peregrinatio
2374 1655 2471 1729 ad
2503 1657 2672 1732 loca
2709 1659 2975 1733 sancta
3012 1659 3305 1734 tradita
3346 1662 3488 1735 est.
3530 1661 3695 1735 Etsi
3736 1660 4041 1757 quidem

1170 1797 1250 1871 in
1310 1799 1472 1871 utra
1487 1820 1632 1894 que
1690 1800 1769 1873 et
1823 1798 2243 1895 compactio
2317 1801 2400 1875 et
2452 1799 2702 1873 forma
2755 1800 2860 1875 sit
2914 1800 3205 1894 eadem,
3286 1804 3666 1899 scriptura
3741 1826 4043 1901 quoque

1170 1943 1580 2036 simillima,
1637 1965 1760 2019 me
1812 1945 2079 2017 tamen
2133 1965 2288 2017 non
2342 1943 2744 2039 praeteriit
2798 1944 3367 2043 aliquantulum
3406 1949 3650 2024 inesse
3690 1949 4044 2025 differen-

1166 2089 1478 2180 tiarum,
1503 2088 1778 2184 quibus
1807 2088 2140 2163 codicem
2161 2089 2258 2162 ab
2289 2089 2536 2164 altero
2566 2090 2900 2165 alterum
2929 2091 3546 2189 disiunctumque
3573 2092 3808 2170 fuisse
3829 2093 4043 2169 dete-

1166 2236 1499 2328 geretur.
1557 2232 1864 2307 Etenim
1919 2232 2251 2328 primum
2288 2233 2371 2307 in
2408 2255 2464 2308 s,
2509 2232 2803 2308 Hilario
2843 2235 3188 2331 pagellae
3228 2237 3620 2312 versiculis
3657 2237 3908 2312 tribus
3963 2241 4044 2314 et

1167 2378 1490 2473 triginta
1518 2375 2045 2468 conficiuntur,
2069 2379 2155 2451 at
2174 2378 2254 2450 in
2273 2376 2897 2474 Peregrinatione
2925 2380 3249 2475 triginta
3272 2383 3352 2455 et
3373 2382 3735 2477 quinque:
3771 2380 4043 2456 deinde

1168 2523 1478 2597 litterae
1550 2521 1632 2594 in
1685 2520 1828 2595 hac
1890 2519 2341 2596 minutiores
2404 2523 2611 2616 sunt,
2677 2544 2916 2597 nexus
2982 2523 3421 2619 peculiares,
3491 2524 4042 2622 orthographia

1168 2664 1420 2738 minus
1475 2666 1832 2740 accurata
1888 2687 2120 2760 quam
2173 2663 2255 2737 in
2309 2687 2369 2738 s.
2405 2662 2727 2755 Hilari0‚
2769 2668 3269 2764 aspectusque
3308 2666 3467 2763 ipse
3505 2666 3878 2743 maiorem
3906 2690 4042 2741 an-

1169 2808 1617 2905 tiquitatem
1670 2806 2011 2883 redolere
2063 2806 2393 2883 videtur.
2455 2807 2803 2905 Denique
2841 2830 2932 2884 ex
2968 2808 3122 2884 illis
3161 2831 3413 2906 aquae
3466 2809 3806 2901 maculis,
3846 2830 4043 2905 quae

1170 2951 1540 3049 superiori
1595 2952 1998 3047 utriusque
2053 2950 2327 3026 codicis
2383 2951 2726 3049 margine
2780 2952 3139 3029 visuntur
3207 2952 3606 3046 obductae,
3655 2952 4044 3049 colligitur

1076 3096 1081 3103 ’
1172 3117 1451 3190 aquam
1506 3114 1661 3167 non
1715 3092 1944 3166 simul
1997 3092 2505 3189 protinusque
2559 3114 2640 3168 se
2693 3093 3107 3189 induxisse,
3163 3094 3296 3169 sed
3360 3097 3803 3190 utrumque,
3863 3093 4044 3170 licet

1175 3239 1257 3312 in
1313 3237 1579 3313 eodem
1632 3235 1961 3311 armario
2016 3236 2377 3332 positum,
2437 3235 2783 3310 dissimili
2840 3237 3069 3311 modo
3127 3238 3494 3314 foedasse.

1331 3354 1741 3457 Praeterea
1794 3380 2086 3455 maiora
2141 3380 2362 3454 nobis
2417 3379 2514 3454 ad
2570 3402 2731 3456 rem
2786 3380 3342 3474 declarandam,
3399 3382 3465 3455 si
3541 3381 3634 3457 de
3698 3381 4040 3457 codicum

1175 3525 1467 3622 origine
1522 3528 1755 3621 atque
1809 3524 1973 3598 fato
2010 3524 2581 3620 investigemus,
2624 3530 3080 3620 argumenta
3118 3528 3560 3623 suppetunt.
3603 3526 3782 3613 Quis
3838 3526 4037 3601 enim

1173 3695 1231 3745 S.
1261 3669 1539 3745 Hilarii
1573 3670 1810 3745 libros
1845 3670 2395 3767 Mysteriorum
2428 3674 3054 3746 commemoravit
3099 3675 3406 3768 praeter
3438 3671 4041 3780 Hieronquum‘l

1174 3816 1344 3927 quis
1396 3813 1743 3910 Hymnos
1782 3814 2127 3912 excepit?
2184 3813 2497 3889 Nullam
2533 3814 2872 3911 profecto
2912 3814 3382 3890 mentionem
3431 3817 3511 3890 in
3548 3816 4043 3912 scriptoribus

1174 3954 1723 4047 ecclesiasticis,
1780 3957 2081 4029 nullum
2133 3955 2216 4030 in
2270 3956 2503 4032 medii
2556 3956 2729 4032 aevi
2783 3955 3264 4031 bibliothecis
3317 3956 3729 4052 vestigium
3780 3960 4043 4033 extare

1173 4102 1533 4178 fatemur.
1589 4102 1683 4176 In
1737 4102 2106 4177 casinensi
2178 4099 2644 4176 monasterio
2720 4100 3130 4174 dumtaxat
3203 4100 3460 4175 omnia
3534 4099 3670 4174 illa
3734 4104 4042 4178 servata

1175 4270 1337 4326 esse
1390 4250 1714 4324 constat.
1754 4247 2119 4353 Exoritur
2171 4246 2458 4354 notitia
2492 4246 2682 4321 satis
2721 4245 3187 4320 luculentior
3227 4266 3317 4320 ex
3356 4244 3724 4321 Chronico
3770 4244 4042 4321 Leonis

1175 4393 1561 4484 OstiensiS‚
1618 4391 1773 4488 qui,
1830 4414 2069 4488 quum
2123 4414 2242 4467 res
2295 4392 2489 4467 bene
2547 4394 2798 4486 gestas
2855 4414 2901 4464 a
2955 4389 3344 4465 Desiderio
3394 4389 3697 4481 abbate,
3741 4390 3876 4486 qui
3908 4412 4044 4487 po-

1173 4541 1343 4611 stea
1397 4558 1598 4611 anno
1663 4535 1864 4610 1070
1926 4534 2188 4611 Victor
2239 4534 2318 4609 II
2356 4535 2454 4609 ad
2503 4557 2893 4608 wsummum
2930 4556 3210 4609 munus
3248 4533 3590 4626 excessit,
3628 4538 4039 4626 narrasset,

1174 4681 1377 4756 inter
1431 4678 1745 4770 codiceS,
1804 4701 1992 4774 quos
2049 4678 2334 4754 excribi
2388 4653 2625 4752 abbas
2681 4678 2840 4774 ipse
2893 4677 3224 4768 iusserit,
3267 4677 3505 4754 etiam
3559 4700 3618 4751 S.
3658 4675 4043 4753 Hilarium

1175 4826 1516 4901 recenset
1540 4814 1591 4894 ².
1646 4822 1938 4899 Deinde
1971 4825 2320 4918 tempora
2360 4822 2566 4896 mala
2602 4822 3258 4918 calamitatesque,
3297 4822 3379 4895 in
3416 4845 3607 4919 quas
3645 4822 4037 4898 abbatiam

1336 5086 1353 5122 ¹
1384 5085 1545 5148 Mari
1570 5084 1637 5147 in
1662 5084 1859 5165 praef.
1888 5084 1968 5146 ad
1995 5084 2256 5147 Petrum
2282 5083 2645 5157 Diaconum,
2674 5087 2776 5166 De·
2799 5088 2959 5154 viris
2985 5085 3342 5144 illustribus
3378 5080 3822 5145 Oasinenm'bus
3841 5103 3855 5143 t
3871 5157 3876 5176 1
3892 5106 3922 5141 ‹
3939 5083 4043 5145 Ita

1174 5194 1239 5249 et
1275 5186 1461 5249 hodie
1499 5187 1567 5247 in
1606 5192 1740 5247 tota
1777 5185 1965 5248 Italia
2003 5185 2176 5247 nulla
2213 5184 2287 5246 fit
2326 5185 2511 5263 paulo
2554 5184 2858 5246 celebrior
2909 5181 3303 5260 bibliotheca,
3358 5202 3515 5260 quae
3555 5201 3679 5243 non
3718 5181 3924 5260 aliqua
3964 5201 4042 5244 ex

1171 5293 1348 5367 parte
1388 5285 1660 5365 ipsorum
1696 5284 2006 5346 nobilibus
2047 5282 2360 5345 thesauris
2399 5283 2827 5362 locupletetur.
2853 5306 2885 5341 ›

1333 5381 1356 5417 ²
1387 5381 1606 5442 Chron.
1651 5381 1713 5442 S.
1755 5380 2118 5443 Monasterii
2162 5380 2367 5441 Oasin.
2410 5379 2454 5442 l.
2495 5380 2619 5458 ΠΙ,
2661 5401 2712 5442 c.
2757 5381 2854 5441 63.
2903 5403 2931 5436 ι
2957 5377 3238 5439 Hilarius
3264 5377 3704 5456 Mysteriorum
3745 5386 3811 5441 et
3849 5378 4043 5457 Hym-

1172 5500 1409 5542 norum.
1432 5502 1464 5537 ›
1508 5478 1613 5540 Ad
1652 5498 1831 5556 quem
1871 5478 2073 5540 locum
2113 5475 2367 5537 adnotat
2393 5476 2674 5555 Angelus
2712 5478 2810 5538 De
2849 5477 3053 5539 Nuce:
3101 5497 3132 5533 ‹
3160 5475 3432 5548 Quorum
3460 5474 3711 5553 plurimi
3740 5475 4036 5558 (codices)

1175 5584 1528 5658 supersunt,
1568 5596 1693 5638 non
1734 5583 1941 5637 tamen
1981 5593 2210 5652 omneS,
2252 5572 2524 5653 expilata
2560 5594 2686 5636 non
2723 5575 2917 5637 semel
2955 5579 3170 5635 nostra
3206 5570 3597 5635 bibliotheca.
3630 5596 3662 5631 ›
