4642 6650
1624 776 1716 822 111.
1764 775 1854 821 DE
1898 773 2485 822 Pmolmumom
3377 776 3498 823 111

613 995 731 1087 iis,
790 1018 988 1092 quae
1041 1018 1137 1071 ex
1173 962 1425 1071 codice
1463 996 1764 1092 integro
1803 995 1926 1070 vel
1964 1017 2236 1092 parum
2272 993 2552 1069 mutilo
2596 992 2872 1100 Petrus
2924 993 3309 1070 Diaconus
3364 994 3501 1071 de·

614 1140 965 1236 sumpsit,
1022 1161 1370 1236 quaeque
1408 1140 1626 1214 nobis
1664 1141 2095 1236 supersunt,
2135 1137 2693 1234 deprehendere
2729 1159 2818 1214 ac
2855 1158 3255 1235 exponere,
3298 1160 3497 1235 quae

583 1282 782 1361 -loca
833 1282 1232 1378 peregrina
1303 1283 1779 1372 lustraverit,
1838 1304 2063 1377 quem
2131 1280 2443 1355 modum
2517 1280 2876 1356 habuerit
2929 1281 3494 1378 peregrinandi.

617 1423 848 1498 Cuius
901 1423 968 1497 si
1023 1426 1233 1499 certa
1289 1425 1412 1501 vel
1479 1425 1773 1499 incerta
1845 1427 1908 1498 si
1984 1425 2192 1500 Petri
2263 1424 2587 1499 Diaconi
2660 1425 2986 1521 vestigia
3055 1448 3491 1523 sequamur,
3613 1465 3618 1469 -

613 1570 835 1646 nobis
890 1570 1266 1646 coniicere
1322 1571 1438 1645 fas
1497 1574 1640 1661 est,
1711 1570 1895 1666 quid
1923 1559 2398 1646 'detrimenti
2455 1571 2580 1647 vel
2635 1570 2852 1645 exitii
2907 1570 3050 1647 hoc
3105 1592 3330 1668 opere
3368 1571 3496 1648 de-

617 1713 922 1810 perdito
977 1714 1290 1789 illarum
1348 1709 1764 1810 regionum‘
1804 1715 2168 1788 notitiam
2221 1714 2486 1809 reique
2544 1713 3004 1789 christianae
3046 1715 3442 1811 coepisset.

775 1854 1031 1930 Antea
1072 1877 1115 1932 e
1156 1854 1406 1930 Gallia
1446 1854 2134 1951 Costantinopolim
2171 1850 2485 1952 longum
2525 1857 2679 1930 iter
2714 1856 3190 1953 peregrinam
3246 1877 3498 1932 susce·
3589 1876 3602 1889 ·

616 1998 813 2095 pisse
849 2020 1005 2073 non
1045 1999 1524 2088 dubitamus3
1566 2000 1742 2074 hinc
1771 1999 1999 2073 Asiae
2038 1999 2466 2096 provincias
2503 2021 2700 2095 quae
2737 2000 2818 2074 in
2855 2000 3263 2076 Itinerario
3302 2000 3499 2074 Bur-

618 2141 991 2237 digalensi
1043 2141 1540 2232 adnotantur,
1597 2145 2113 2237 trangressam
2170 2141 2564 2239 Hierosoly
2579 2164 2742 2215 mas
2798 2143 3116 2218 subiisse
3148 2134 3196 2218 ¹.
3256 2143 3497 2230 Quam

616 2287 1016 2362 civitatem
1072 2289 1162 2361 ut
1215 2287 1524 2360 domum
1582 2287 1926 2379 incoluit,
1966 2287 2406 2377 Anastasin,
2447 2289 2736 2362 ceteras
2792 2288 3168 2380 ecclesias,
3224 2309 3500 2385 resque

615 2413 873 2534 sacras
926 2455 1225 2506 summa
1278 2454 1651 2508 venerans
1706 2430 2093 2526 religione.
2147 2429 2398 2517 Quum
2454 2431 2553 2506 ad
2590 2432 2760 2507 loca
2814 2432 3205 2529 proposita
3260 2432 3497 2529 quod·

621 2575 798 2651 dam
857 2577 1005 2651 iter
1079 2576 1546 2667 confecisset,
1602 2575 2216 2673 Hierosolymam
2291 2598 2587 2673 semper
2640 2576 2967 2668 redibat,
3022 2576 3282 2673 ibique
3337 2579 3498 2652 tres

623 2744 864 2797 annos
918 2722 1182 2797 eadem
1237 2721 1540 2798 ratione
1592 2721 1995 2817 transegit.
2264 2829 2269 2835 .

781 2865 1127 2941 Primum
1182 2864 1488 2963 quidem
1528 2867 1677 2942 iter
1732 2866 1902 2961 piae
1940 2865 2317 2943 foeminae
2355 2866 2452 2941 ab
2490 2855 3091 2964 Hierosolymis²
3131 2864 3230 2940 ad
3270 2864 3504 2940 Beth-

620 3010 841 3103 leem,
898 3013 981 3086 et
1035 3010 1396 3107 Sepulcra
1448 3032 1743 3108 regum,
1801 3013 1885 3087 et
1957 3010 2352 3085 ecclesiam
2424 3010 2836 3085 Pastorum
2907 3009 3142 3085 fuisse
3214 3007 3501 3105 perspi-

622 3155 863 3230 citur:
920 3152 1366 3230 duodecimo
1405 3154 1766 3229 milliario
1802 3154 2039 3229 situm
2079 3158 2251 3230 erat
2287 3153 2723 3250 sepulcrum
2761 3151 2996 3228 Amos
3033 3151 3497 3248 prophetae:

622 3298 972 3398 protinus
1028 3297 1121 3375 de
1174 3300 1438 3373 monte
1476 3298 1804 3395 loquuta
1841 3302 2067 3391 esset,
2106 3320 2334 3395 quem
2369 3300 2638 3374 contra
2676 3318 2886 3374 mare
2923 3297 3316 3371 mortuum
3367 3315 3501 3391 po·

620 3444 855 3518 situm
894 3442 1233 3519 Herodes
1269 3443 1520 3535 effodi,
1576 3444 1836 3540 ibique
1875 3444 2020 3518 sibi
2059 3444 2434 3541 palatium
2473 3442 2694 3518 condi
2750 3441 3163 3539 praecepit.
3204 3437 3499 3516 Deinde

622 3588 786 3684 ipsa
840 3586 1034 3662 adiit
1086 3588 1521 3683 sepulcrum
1574 3586 1822 3678 Iosue,
1864 3589 1947 3663 et
1981 3586 2285 3662 rediens
2325 3588 2828 3661 monumenta
2864 3586 3243 3683 spectavit
3274 3585 3497 3661 Elea-

624 3729 783 3825 zari
835 3733 918 3805 et
969 3729 1261 3820 FineeS,
1318 3751 1757 3827 praegressa
1812 3728 2379 3822 Cariathiarim,
2440 3728 2574 3803 ubi
2615 3701 2809 3804 ‘arca
2864 3726 3208 3802 Domini·
3247 3726 3496 3803 stetit.

786 3873 1214 3949 Secundum
1244 3867 1390 3949 iter
1406 3864 1459 3968 ³,
1483 3873 1686 3970 quod
1714 3878 1972 3949 tamen
2006 3895 2179 3949 cum
2209 3874 2456 3949 altero
2483 3894 2641 3947 non
2669 3873 2861 3947 bene
2891 3871 3196 3948 decerni
3223 3873 3502 3969 potest,

625 4017 722 4093 ad
750 4016 1059 4110 Hebron
1087 4020 1168 4094 et
1196 4017 1750 4094 Therebintum
1777 4017 2272 4093 statuendum
2314 4020 2455 4107 est,
2488 4038 2717 4114 quem
2753 4039 2992 4114 prope
3030 4018 3261 4093 vinea
3295 4017 3505 4093 dicta

627 4158 990 4234 Abramiri
1050 4160 1625 4251 ostendebatur,
1666 4161 1799 4234 ubi
1856 4182 2172 4257 corpora
2228 4159 2565 4234 filiorum
2638 4158 2869 4236 Iacob
2946 4161 3197 4258 posita
3251 4164 3496 4237 erant.

784 4304 1044 4380 Tertio
1135 4306 1411 4380 itinere
1486 4306 1953 4382 Palestinam
2032 4309 2112 4381 et
2199 4304 2571 4380 Galileam
2648 4304 2956 4381 videndi
3041 4304 3498 4380 desiderium

623 4449 959 4545 explevit
984 4440 1033 4524 ⁴.
1092 4449 1645 4546 Hierosolymis
1683 4448 2024 4546 profecta
2071 4448 2584 4524 Ierichuntem
2623 4448 3043 4542 contendit,
3084 4449 3493 4546 collapsam

625 4593 1157 4688 desertamque
1214 4592 1633 4684 civitatem,
1691 4615 1921 4688 quam
1960 4614 2192 4688 prope
2227 4591 2715 4667 indicabatur
2757 4592 2970 4667 locus
3026 4613 3179 4688 quo
3232 4591 3498 4667 Helias

624 4739 891 4834 raptus
946 4738 1088 4811 est.
1143 4735 1437 4811 Deinde
1490 4735 1698 4810 viam
1724 4704 1886 4831 'per
1941 4734 2255 4809 Gabaon
2311 4739 2394 4810 et
2450 4735 2810 4808 Emmaus
2867 4733 3117 4831 coepit
3170 4755 3496 4830 pergens

628 4878 1025 4953 Galileam.
1056 4876 1395 4953 Montem
1425 4877 1765 4952 Hermon
1795 4898 2005 4952 more
2042 4899 2206 4969 suo,
2246 4879 2341 4951 ut
2377 4879 2495 4951 est
2530 4875 2755 4952 valde
2795 4875 3212 4972 probabile,
3242 4897 3499 4951 ascen-

788 5138 807 5175 ¹
838 5138 989 5221 Ipsa
1027 5140 1106 5202 de
1147 5158 1219 5202 se
1256 5140 1326 5202 in
1364 5139 1592 5214 reditu,
1634 5159 1696 5220 p.
1740 5140 1847 5201 75:
1894 5162 1925 5198 ‹
1948 5139 2213 5202 Faciens
2253 5138 2378 5201 iter
2409 5144 2626 5200 notum
2662 5158 2777 5218 per
2816 5137 3097 5218 singulae
3125 5136 3508 5218 provincias,

624 5257 782 5318 quas
822 5238 1022 5301 eundo
1064 5238 1491 5318 musivorum,
1531 5238 1599 5300 id
1640 5245 1742 5301 est
1783 5237 2255 5319 Cappadociam,
2299 5237 2630 5316 Galatiam,
2659 5243 2724 5300 et
2749 5236 3092 5300 Bithiniam
3130 5235 3509 5318 perveniens

623 5337 995 5401 calcedona.
1020 5362 1052 5397 ›
1409 5389 1415 5396 .

787 5434 813 5471 ²
844 5436 1008 5499 Vide
1048 5439 1217 5500 Petr.
1257 5437 1433 5500 Diac.
1478 5457 1538 5516 p.
1583 5438 1718 5498 122.

786 5534 812 5572 ³
840 5536 1012 5597 Petr.
1051 5536 1226 5598 Diac.
1269 5557 1330 5617 p.
1376 5538 1510 5598 124.

787 5635 815 5670 ⁴
840 5634 1014 5698 Petr.
1053 5634 1227 5699 Diac.
1267 5657 1329 5720 p.
1376 5635 1510 5716 128,
1553 5641 1621 5696 et
1660 5634 1796 5696 130.
