4642 6650
1739 833 1828 882 nr.
1876 833 2065 884 Locis
2112 831 2386 885 sAxcrts
3376 807 3501 886 133

620 1053 893 1130 luncae
925 1054 1476 1147 lucidissimae,
1525 1057 1606 1131 in
1642 1081 1971 1154 quarum
2009 1082 2163 1133 una
2201 1057 2626 1133 absconditi
2661 1061 2844 1132 sunt
2879 1056 3296 1154 prophetae
3351 1058 3493 1132 sub

619 1177 943 1272 Iezabel,
980 1181 1063 1255 in
1099 1182 1347 1257 altera
1392 1186 1655 1258 autem
1691 1183 1888 1258 sedit
1922 1188 2232 1259 sanctus
2268 1183 2474 1258 Elias
2506 1176 2554 1257 ¹.
2596 1183 2926 1257 Miliario
2966 1186 3231 1257 autem
3285 1183 3498 1279 vige-

611 1303 811 1379 simo
868 1330 916 1380 a
969 1299 1348 1403 Sychem²
1402 1312 1521 1382 est
1575 1309 1950 1406 templum
1986 1309 2524 1384 destructum
2503 1334 2585 1383 ln
2624 1307 2830 1406 Sylo,
2875 1308 3012 1382 ubi
3069 1312 3189 1384 est
3242 1311 3325 1383 et
3377 1330 3494 1383 se-

610 1429 1023 1525 pulchrum
1076 1431 1253 1506 Heli
1326 1431 1760 1507 sacerdotis
1838 1432 1929 1506 In
1986 1433 2260 1508 Bethel
2335 1436 2623 1525 autem,
2680 1433 2812 1507 ubi
2888 1436 3326 1508 constructa
3382 1436 3500 1507 est

609 1554 935 1630 'ecclesia
986 1554 1069 1629 in
1123 1578 1212 1631 eo
1267 1556 1456 1648 loce,
1515 1557 1648 1631 ubi
1701 1557 1953 1648 Iacob,
2012 1559 2196 1632 dum
2254 1560 2399 1633 iret
2455 1559 2537 1633 in
2591 1560 3246 1655 Mesopotamiam,
3298 1558 3498 1634 vidit

609 1681 902 1756 ‘scalam
955 1682 1037 1755 in
1090 1683 1388 1758 coelum
1443 1704 1681 1780 nsque
1738 1685 2205 1761 tendentem.
2244 1685 2366 1760 Ibi
2404 1688 2523 1761 est
2576 1685 2812 1760 etiam
2866 1691 2950 1761 et
3003 1686 3497 1784 sepulchrum

618 1806 1057 1902 prophetae,
1113 1808 1246 1904 qui
1299 1796 1793 1904 prophetavit
1827 1810 2192 1886 adversus
2247 1810 2701 1886 Ieroboham
2728 1805 2779 1884 ⁸.
2836 1811 3168 1886 Miliario
3224 1814 3489 1888 autem

618 1930 983 2026 vigesimo
1039 1932 1366 2009 secundo
1405 1934 1502 2007 ab
1542 1933 2010 2010 Ierusolimis
2049 1937 2251 2011 inter
2291 1935 2667 2011 Sochchot
2703 1935 2942 2010 Iudae
2997 1939 3077 2011 et
3116 1939 3320 2011 inter
3355 1937 3489 2012 Ze-

616 2054 845 2130 ·chara
898 2055 1151 2133 Mahel
1206 2056 1483 2132 occidit
1517 2057 1754 2133 Davit
1791 2057 2090 2134 Goliam
2127 2059 2610 2156 Phylisteum
2638 2059 2687 2134 ⁴.
2728 2059 2818 2133 In
2860 2059 3432 2156 Eleutheropoli
3463 2052 3491 2095 ⁵

609 2186 877 2257 autem
904 2181 1070 2258 loco
1105 2182 1480 2280 Bycoyca,
1513 2184 1590 2258 in
1631 2207 1784 2280 qua
1821 2188 1939 2260 est
1976 2186 2462 2281 sepulchrum
2500 2185 2857 2260 Abbacuc
2895 2185 3337 2280 prophetae.
3372 2185 3490 2259 Ab

610 2305 1186 2403 Eleutheropoli
1239 2311 1502 2383 autem
1556 2309 1885 2384 miliario
1923 2310 2490 2407 quintodecimo
2528 2312 2647 2385 est
2700 2310 3183 2406 sepulchrum
3239 2311 3485 2385 sancti

605 2431 953 2508 'Hesdrae
987 2434 1405 2531 prophetae
1441 2434 1521 2508 in
1556 2435 1746 2528 loce,
1785 2435 1917 2532 qui
1956 2435 2238 2511 dicitur
2272 2437 2479 2511 Asoa
2503 2426 2556 2510 ⁶.
2596 2435 2697 2509 Et
2741 2436 2821 2509 in
2859 2434 3191 2511 miliario
3250 2435 3488 2510 tertio

775 2712 796 2750 ¹
835 2714 1022 2776 Hunc
1061 2721 1334 2776 montem
1372 2712 1560 2775 etiam
1599 2733 1651 2776 s.
1692 2714 1892 2776 Paula
1931 2713 2227 2793 ascendit,
2269 2735 2456 2794 quum
2500 2713 2814 2777 Nazareth
2865 2721 3113 2795 peteret
3164 2714 3490 2794 lacumque

601 2812 1004 2890 ‘Tiberiadis3
1044 2813 1213 2891 quod
1250 2811 1634 2894 Peregrinae
1676 2811 1904 2875 accidit
1944 2814 2022 2874 ab
2061 2813 2391 2875 invisenda
2429 2813 2743 2876 Nazareth
2780 2812 3089 2876 redeunti.

773 2910 798 2947 ²
837 2911 1094 2990 Peregr.
1136 2930 1190 2972 s.
1230 2909 1502 2974 Paulae:
1550 2935 1583 2970 ‹
1628 2910 1796 2984 Quid
1834 2931 2079 2974 narrem
2120 2910 2271 2990 Silo,
2312 2912 2381 2973 in
2419 2931 2543 2990 qua
2596 2912 2792 2980 altare
2845 2912 3120 2990 dirutum
3174 2911 3487 2992 hodieque

612 3016 995 3072 monstratur
1014 3012 1045 3071 Ρ
1071 3033 1104 3069 ›
1152 3009 1277 3092 (of.
1316 3011 1571 3072 Hieron.
1613 3009 1679 3071 in
1720 3009 1990 3090 Sophon.
2029 3010 2112 3091 Ι).
2152 3010 2561 3072 Intervallum
2601 3030 2640 3071 a
2679 3010 2923 3072 Sichem
2963 3011 3067 3073 vel
3107 3010 3372 3092 Neapoli
3412 3010 3492 3072 ad

611 3109 830 3169 urbem
870 3108 987 3170 Sili
1026 3108 1255 3187 viginti
1294 3108 1568 3171 millibus
1606 3129 1902 3189 passuum
1927 3128 2050 3171 non
2077 3109 2366 3189 congruit
2390 3130 2530 3171 cum
2557 3108 2850 3186 Eusebio,
2880 3109 2988 3188 qui
3018 3108 3214 3171 Silum
3253 3108 3491 3171 distare

611 3203 939 3268 duodecim
977 3205 1287 3268 milliariis
1328 3206 1602 3284 adnotat,
1642 3207 1757 3268 sed
1797 3205 2099 3268 terminus
2137 3206 2206 3267 in
2254 3207 2571 3269 codicibus
2625 3206 3055 3268 desideratur:
3108 3226 3310 3286 neque
3350 3226 3492 3269 cum

610 3303 1015 3386 Hieronymo,
1056 3305 1163 3385 qui
1201 3305 1270 3368 in
1308 3305 1593 3370 versione
1635 3306 1968 3370 eusebiana
2007 3305 2229 3368 scribit
2255 3305 2454 3369 Silum
2483 3325 2623 3370 esse
2650 3305 2716 3368 in
2744 3305 2978 3369 decimo
3017 3304 3308 3368 milliario
3333 3304 3492 3368 Nea·

609 3404 843 3483 poleos,
886 3411 951 3467 et
988 3405 1055 3466 in
1095 3406 1213 3467 hoc
1252 3425 1495 3484 quoque
1535 3405 1781 3467 codices
1820 3404 2198 3484 discrepant.
2233 3405 2502 3468 Rectum
2542 3405 2695 3467 mihi
2735 3404 2933 3467 fuisse
2974 3404 3229 3467 videtur
3265 3404 3424 3466 illud
3452 3426 3493 3467 a

610 3503 950 3582 Peregrina
994 3503 1280 3583 relatum,
1321 3503 1487 3582 quod
1526 3502 1920 3566 confirmatur
1957 3503 2218 3566 Fretelli
2274 3503 2693 3566 archidiaconi
2744 3502 3120 3566 Antiocheni
3158 3502 3318 3564 libro
3358 3522 3490 3564 san-

609 3609 848 3663 ctorum
885 3601 1176 3675 locorum,
1220 3622 1402 3680 quem
1443 3602 1739 3682 scriptum
1791 3601 2040 3664 circiter
2087 3603 2404 3664 saeculum
2458 3601 2888 3665 duodecimum
2940 3601 3237 3663 Baluzius
3285 3599 3488 3664 edidit

610 3700 811 3780 (Misc.
852 3701 908 3762 Ι.
949 3721 1009 3779 p.
1049 3702 1234 3783 437):
1282 3722 1315 3760 ‹
1355 3700 1669 3764 Vicesimo
1710 3699 1974 3763 miliario
2015 3721 2053 3764 a
2093 3700 2357 3781 Sichem,
2399 3708 2618 3779 quarto
2674 3721 2712 3763 a
2764 3699 3116 3764 Jerusalem
3154 3698 3278 3779 via,
3325 3717 3491 3778 quae

600 3795 781 3858 *ducit
818 3796 1188 3877 Diospolim,
1227 3817 1405 3859 mons
1446 3797 1598 3876 Syla
1639 3804 1704 3861 et
1745 3796 1971 3860 civitas
1993 3822 2049 3859 ι.

767 3892 794 3930 ⁸
831 3894 1059 3957 Bethel
1098 3915 1358 3976 parvum
1383 3896 1589 3958 vicum
1615 3895 1813 3959 fuisse
1842 3903 1910 3957 et
1933 3896 2168 3958 distare
2196 3895 2560 3959 duodecimo
2594 3896 2842 3959 circiter
2867 3895 3157 3958 milliario
3186 3896 3265 3957 ab
3304 3894 3492 3958 Aelia

603 3990 790 4055 docet
829 3992 1141 4057 Eusebius
1182 3994 1248 4056 in
1287 3996 1510 4075 Aqqau',
1539 3995 1607 4056 in
1645 4015 1764 4073 quo
1791 3994 2102 4075 interpres
2128 3995 2549 4079 Hieronymus
2578 3995 2861 4057 addidit:
2895 4018 2928 4053 ‹
2958 3993 3085 4058 Sed
3114 3999 3179 4055 et
3223 3993 3489 4056 ecclesia

606 4091 930 4155 aedificata
970 4099 1086 4168 est,
1130 4094 1237 4154 ubi
1278 4093 1574 4155 dormivit
1613 4093 1811 4155 Jacob
1851 4114 2120 4173 pergens
2162 4093 2679 4174 Mesopotamiam
2720 4117 2776 4155 ›.
2817 4094 2916 4155 De
2958 4094 3243 4173 sepulcro
3284 4091 3487 4154 Ahiae

603 4190 944 4271 prophetae
968 4192 1150 4272 (Reg.
1173 4191 1300 4271 ΙΙΙ,
1319 4212 1371 4253 c.
1398 4195 1493 4269 11,
1513 4193 1618 4273 29)
1639 4212 1717 4253 ne
1745 4194 2002 4253 verbum
2028 4191 2279 4270 quidem
2304 4192 2379 4251 fit
2406 4192 2471 4254 in
2499 4193 2698 4271 libris,
2733 4212 2889 4270 quos
2928 4191 2995 4252 in
3037 4210 3253 4252 manus
3279 4189 3487 4253 habui*

763 4290 790 4324 ⁴
827 4287 1044 4352 Itiner.
1086 4288 1282 4351 Burd.
1325 4291 1547 4352 statuit
1570 4313 1603 4348 ‹
1627 4310 1925 4370 campum,
1968 4289 2073 4350 ubi
2095 4289 2304 4350 David
2346 4289 2561 4351 Goliat'
2600 4290 2844 4363 occidit,
2873 4314 2905 4349 ι
2931 4290 3097 4350 inter
3136 4287 3486 4350 Sti-adelam

589 4389 671 4448 ‘et
691 4386 1113 4466 scythopolim
1141 4386 1339 4448 fuisse
1367 4387 1505 4468 plus
1526 4407 1706 4465 quam
1733 4386 2180 4465 quinquaginta
2208 4385 2517 4448 milliariis
2536 4388 2615 4448 ab
2629 4386 3042 4449 Hierusalem.
3058 4385 3238 4447 Duos
3279 4383 3485 4447 fuisse

605 4486 833 4548 Sochot
871 4485 938 4547 in
977 4486 1146 4547 tribu
1188 4486 1234 4547 J
1234 4485 1360 4547 uda
1398 4486 1637 4547 viculos
1678 4487 1742 4547 in
1777 4506 1938 4546 nono
1981 4486 2244 4547 miliario
2300 4487 2443 4548 viae
2471 4486 2753 4566 publicae
2794 4486 3201 4566 pergentibus
3239 4485 3485 4547 Aeliam

604 4585 683 4646 ab
731 4584 1196 4665 Eleutheropoli
1238 4585 1455 4647 scribit
1500 4584 1813 4647 Eusebius
1841 4585 1906 4644 in
1930 4604 1990 4646 v.
2015 4584 2267 4645 Soccho.
2292 4583 2497 4646 Locus
2526 4591 2731 4646 autem
2760 4585 3038 4646 Zechara
3064 4583 3273 4645 Mahel
3299 4583 3484 4645 facile

603 4706 744 4747 cum
783 4686 1033 4765 Magala
1072 4684 1489 4765 confunditur,
1511 4693 1580 4746 ut
1606 4685 1670 4745 in
1695 4684 1955 4762 vulgata
1978 4684 2213 4763 legitur
2241 4684 2423 4764 (Reg.
2454 4684 2508 4761 1,
2541 4704 2594 4746 c.
2628 4686 2722 4763 17,
2751 4704 2811 4746 v.
2841 4685 2980 4764 20):
3008 4705 3041 4743 ‹
3062 4683 3255 4745 Venit
3274 4682 3481 4743 David

603 4786 684 4847 ad
725 4785 925 4847 locum
965 4786 1232 4864 Megala.
1277 4808 1310 4844 ›
1358 4785 1442 4846 Et
1483 4783 1649 4846 idem
1689 4782 1956 4862 videtur,
1998 4803 2181 4861 quem
2220 4783 2286 4843 in
2330 4784 2580 4845 Zosimo
2621 4784 2888 4861 legimus
2931 4784 3123 4864 (Hist.
3174 4784 3315 4844 Ecc.
3358 4783 3479 4856 IX,

604 4903 656 4945 c.
702 4883 805 4964 17)
832 4904 846 4943 :
894 4906 927 4941 ‹
952 4882 1141 4944 Oafar
1180 4883 1539 4961 Zachariae,
1567 4883 1744 4944 vicus
1774 4888 1873 4942 est
1915 4881 1982 4941 in
2019 4880 2246 4942 finibus
2275 4880 2797 4960 Eleutheropolis,
2838 4880 3009 4942 urbis
3035 4880 3395 4942 Palestinae
3424 4903 3487 4940 ›.

762 4981 788 5019 ⁶
829 4981 1504 5063 Pseudo—Epiphanius
1544 4981 1612 5042 in
1651 4981 1804 5044 vitis
1864 4980 2305 5060 prophetarum
2346 4979 2542 5041 tradit
2579 4981 2875 5042 Habacuc
2918 4987 3122 5042 ortum
3184 4979 3479 5042 habuisse

586 5080 668 5143 ‘in
707 5080 1209 5156 Beth-zachara,
1252 5101 1407 5159 quae
1449 5079 1751 5161 appellari
1791 5079 1996 5160 potuit
2022 5079 2300 5140 Zachara
2325 5079 2533 5141 Mahel
2558 5100 2573 5140 :
2602 5081 2954 5160 sepulcrum
2983 5087 3189 5142 autem
3228 5076 3481 5139 ubinam

601 5178 831 5242 fuisset
868 5199 990 5241 non
1029 5178 1212 5259 plane
1254 5180 1577 5240 constabat
1631 5184 1907 5257 tempore
1962 5175 2239 5255 Eusebii,
2283 5175 2396 5237 sed
2444 5196 2566 5238 non
2619 5176 2803 5255 longe
2856 5177 2935 5237 ab
2991 5175 3481 5255 Eleutheropoli.

605 5275 1071 5340 ostendebatur
1111 5276 1273 5339 enim
1312 5279 1381 5338 in
1419 5276 1653 5338 Echela
1693 5276 1958 5355 septimo
2000 5275 2281 5354 miliario,
2325 5276 2390 5335 in
2433 5273 2610 5336 Ceila
2650 5281 2888 5352 octavo,
2915 5275 2981 5334 in
3022 5273 3308 5336 Gabatha
3337 5272 3480 5334 duo-

601 5375 860 5438 decimo.
905 5376 1031 5437 Sub
1054 5376 1403 5439 Theodosio
1442 5376 1768 5439 inventum
1808 5381 1909 5436 est
1934 5394 2156 5454 corpus
2181 5374 2475 5436 Habacuc
2502 5373 2842 5453 prophetae
2868 5374 2935 5436 in
2970 5373 3121 5436 Cela
3147 5373 3212 5433 in
3239 5370 3477 5434 ditione

589 5465 1253 5554 ³Eleutheropolitanae
1297 5473 1616 5551 ecclesiae,
1660 5472 1894 5533 Sozom.
1937 5472 2020 5534 Η.
2062 5471 2135 5533 Ε.
2176 5471 2510 5549 1.V11,v.
2553 5473 2651 5532 29.

762 5573 789 5609 ⁶
831 5573 1002 5633 Asea
1041 5580 1191 5653 puto
1232 5571 1432 5634 fuisse
1474 5572 1645 5633 Asan
1685 5569 1961 5644 Eusebii,
1992 5569 2197 5632 vicum
2238 5572 2316 5631 ab
2345 5569 2527 5631 Aelia
2553 5569 2842 5632 milliario
2882 5569 3371 5649 quintodecimo.
3401 5589 3475 5631 eo

597 5670 736 5735 loco
781 5667 1090 5734 Hesdram
1129 5670 1444 5734 conditum
1484 5690 1625 5733 esse
1665 5667 1964 5731 hactenus
2005 5676 2141 5730 erat
2179 5669 2639 5750 incompertum.
2738 5674 2745 5680 '
