4642 6650
1598 857 1616 873 ,
1662 807 1753 859 nn:
1801 805 1992 861 Locts
2040 801 2313 860 sAuc‘ns
3298 787 3419 874 121

546 1043 870 1138 petram,
925 1039 1008 1113 in
1064 1061 1217 1135 qua
1270 1036 1644 1111 Dominus
1698 1037 1945 1126 nocte,
1995 1058 2148 1130 qua
2200 1035 2679 1125 tradebatur,
2737 1034 3015 1126 oravit,
3071 1033 3421 1130 vestigiis

547 1187 882 1263 genuum
935 1165 1158 1262 quasi
1210 1184 1384 1239 cera
1437 1161 1655 1237 molli
1709 1161 2117 1257 impressis,

708 1290 830 1381 (B.
861 1312 918 1365 c.
967 1290 1148 1380 VII)
1202 1287 1422 1363 Mons
1478 1286 1859 1361 olivarum
1912 1285 2125 1361 mille
2181 1286 2278 1361 ab
2316 1286 2734 1361 Ierusalem
2781 1285 3151 1361 discretus
3189 1285 3428 1381 passi·

549 1417 716 1507 bus„
773 1414 1187 1489 altitudine
1241 1413 1528 1488 montis
1576 1411 1783 1509 Syon
1819 1436 1959 1509 par
1993 1414 2134 1503 est,
2174 1412 2306 1487 sed
2342 1412 2821 1508 longitudine
2876 1414 2957 1487 et
3009 1410 3427 1485 latitudine

548 1543 915 1639 praestat,
971 1540 1304 1635 exceptis
1376 1538 1669 1614 vitibus
1725 1540 1806 1612 et
1860 1537 2083 1613 olivis
2166 1559 2339 1611 rare
2392 1537 2604 1612 ferax
2679 1537 2997 1629 arboris,
3055 1534 3423 1611 frumenti

548 1688 849 1764 quoque
903 1668 985 1741 et
1036 1664 1305 1739 hordei
1337 1662 1670 1739 fertilis:
1711 1685 1959 1758 neque
1996 1664 2200 1738 enim
2237 1664 2563 1756 brucosa
2600 1666 2722 1739 set
2773 1663 3099 1738 herbosa
3153 1665 3235 1738 et
3290 1661 3429 1736 flo-

548 1793 717 1868 rida
770 1792 913 1867 soli
965 1791 1174 1865 illius
1229 1793 1350 1865 est
1387 1790 1743 1885 qualitas.
1784 1789 1876 1863 In
1915 1790 2129 1864 cuius
2168 1812 2465 1864 summo
2507 1790 2816 1881 vertice,
2866 1789 3000 1864 ubi
3053 1789 3431 1864 Dominus

551 1917 649 1991 ad
701 1917 949 1992 coelos
1003 1915 1367 2004 ascendit,
1426 1915 1741 1990 ecclesia
1779 1914 2116 1989 rotunda
2152 1915 2461 2010 grandis
2518 1916 2779 1989 ternas
2833 1936 2968 2010 per
3021 1914 3432 1989 circuitum

553 2044 976 2117 cameratas
1028 2041 1266 2115 habet
1302 2040 1640 2137 porticus
1679 2039 2004 2137 desuper
2040 2042 2329 2115 tectas:
2372 2040 2693 2115 interior
2746 2062 3080 2136 namque
3136 2040 3433 2132 (10111110,
3472 2110 3481 2118 .
3548 2131 3553 2136 ,

551 2170 861 2266 propter
917 2166 1273 2242 dominici
1329 2165 1663 2262 corporis
1720 2170 2087 2256 meatum,
2145 2168 2518 2240 camerari
2573 2168 2652 2240 et
2706 2167 2866 2262 tegi
2919 2188 3075 2240 non
3130 2165 3432 2262 potuit:

555 2295 801 2370 altare
855 2293 954 2368 ad
1008 2293 1382 2368 orientem
1433 2292 1722 2366 habens
1777 2294 2108 2387 angusto
2158 2291 2490 2365 culmine
2548 2293 3022 2387 protectum:
3082 2292 3162 2366 10
3215 2292 3437 2366 cuius

557 2419 806 2494 medio
862 2418 1140 2492 ultima
1181 2417 1492 2492 Domini
1528 2417 1879 2512 vestigia,
1918 2417 2127 2492 coelo
2167 2417 2489 2512 desuper
2525 2420 2865 2512 patente,
2905 2418 3039 2491 ubi
3071 2417 3435 2508 ascendit,

557 2545 940 2620 visuntur.
998 2543 1207 2630 Quae
1261 2565 1438 2619 011111
1493 2543 1772 2618 cotidie
1830 2566 1878 2616 a
1931 2542 2416 2617 credentibus
2485 2546 2698 2617 terra
2752 2543 3104 2634 tollatur,
3161 2542 3436 2617 nihilo-

557 2672 812 2746 minus
856 2672 1143 2761 manet,
1183 2670 1606 2765 eademque
1643 2668 1892 2743 adhuc
1928 2668 2049 2743 sui
2088 2669 2411 2764 speciem
2449 2669 2696 2744 veluti
2732 2669 3098 2765 impressa
3134 2669 3439 2764 signata

559 2796 888 2893 vestigia
940 2798 1223 2871 servat.
1262 2795 1472 2870 Haec
1512 2796 1711 2870 01100
1746 2816 1972 2869 00100
2006 2796 2183 2868 rota
2213 2793 2415 2868 ia'cet
2452 2817 2691 2890 usque
2720 2795 2819 2868 ad
2853 2794 3221 2870 verticem
3248 2795 3435 2885 alta,

564 2923 660 2996 ab
718 2944 988 2997 occasu
1041 2922 1332 2995 habens
1386 2921 1822 3012 introitum,
1862 2920 2245 3017 pendente
2283 2920 2606 3016 desuper
2659 2922 2739 2994 in
2794 2921 3104 2996 trocleis
3159 2940 3440 3016 magna

563 3046 915 3143 lampade
967 3049 1291 3142 totaque
1346 3045 1467 3120 die
1522 3047 1604 3121 et
1657 3048 1881 3121 nocte
1917 3045 2245 3120 lucente.
2285 3045 2378 3118 In
2419 3045 2871 3121 occidentali
2929 3045 3269 3121 eiusdem
3321 3067 3438 3120 ec-

565 3171 837 3247 clesiae
872 3174 1096 3268 parte
1134 3171 1513 3246 fenestrae
1549 3174 1746 3261 octo,
1784 3170 2262 3266 totidemque
2299 3192 2343 3245 e
2379 3170 2687 3267 regione
2724 3171 3112 3267 lampades
3150 3171 3438 3246 lucent.

565 3297 658 3372 In
713 3298 834 3373 die
889 3296 1345 3373 ascensionis
1418 3295 1842 3372 dominicae
1897 3317 2033 3393 per
2087 3318 2329 3372 annos
2384 3296 2745 3391 singuloS,
2804 3297 3036 3372 missa
3102 3300 3440 3394 peracta,

564 3423 805 3500 validi
858 3423 1188 3497 flaminis
1224 3423 1557 3519 procella
1594 3421 1688 3498 de
1726 3440 2030 3497 sursum
2067 3423 2330 3498 venire
2368 3423 2786 3513 consuevit,
2829 3426 2911 3496 et
2964 3445 3251 3513 omnes,
3309 3422 3445 3518 qui

564 3548 644 3622 in
698 3549 1012 3624 ecclesia
1066 3548 1381 3640 fuerint,
1420 3552 1677 3624 terrae
1714 3552 2218 3645 prosternere.
2255 3550 2837 3624 Monumentum
2878 3549 3147 3623 Lazari
3206 3548 3443 3623 00010-

565 3675 679 3749 010
732 3673 1015 3750 ibidem
1052 3677 1407 3750 extructa
1443 3675 1946 3766 demonstrat,
1987 3678 2072 3750 et
2108 3677 2665 3751 monasterium
2701 3676 2989 3771 grande
3038 3675 3121 3749 in
3174 3697 3441 3769 campo

566 3798 989 3872 Bethaniae
1043 3821 1326 3894 magna
1369 3799 1763 3899 ,olivarum
1799 3799 2020 3896 sylva
2057 3799 2506 3875 circumdat.
2547 3800 2686 3874 Est
2740 3804 3004 3874 autem
3060 3798 3444 3874 Bethania

566 3923 997 4020 quindecim
1051 3923 1324 3998 stadiis
1357 3924 1453 3998 ab
1492 3924 1938 4000 Ierusalem.
1979 3925 2239 3999 Tertia
2277 3946 2579 4021 quoque
2618 3925 2901 3999 montis
2952 3924 3292 4000 eiusdem
3346 3923 3445 3996 ad

567 4048 986 4125 australem
1040 4046 1492 4133 Bethaniae,
1518 4051 1818 4146 partem
1873 4049 2189 4124 ecclesia
2228 4052 2368 4140 est,
2418 4050 2552 4123 ubi
2606 4050 2977 4124 Dominus
3034 4050 3215 4123 ante
3271 4070 3444 4144 pas-

563 4174 854 4251 sionem
909 4174 1296 4271 discipulis
1353 4174 1446 4250 de
1503 4175 1624 4249 die
1678 4175 1941 4251 iudicii
1993 4176 2366 4272 loquutus
2421 4178 2562 4250 est.

727 4301 1071 4394 (Pereyr.)
1128 4300 1368 4376 Trans
1421 4304 1846 4376 torrentem
1902 4300 2194 4376 Cedron
2249 4304 2368 4377 est
2423 4302 2807 4399 spelunca,
2865 4304 2945 4377 et
2999 4323 3226 4398 super
3274 4321 3445 4376 eam

567 4425 879 4501 ecclesia
906 4425 989 4499 in
1026 4447 1114 4501 eo
1152 4426 1342 4517 1000,
1384 4426 1517 4500 ubi
1553 4427 1828 4523 quinta
1864 4426 2057 4502 feria
2093 4430 2267 4523 post
2306 4449 2621 4502 coenam
2662 4425 3142 4502 Salvatorem
3179 4425 3449 4500 Iudaei

568 4552 1325 4648 comprehenderunt,
1358 4554 1491 4647 qui
1526 4552 1738 4628 locus
1775 4555 1895 4626 est
1931 4552 2012 4626 in
2050 4553 2299 4648 capite
2330 4553 2556 4628 vallis
2591 4542 3019 4649 Iosaphat¹.
3048 4551 3140 4625 In
3178 4551 3445 4627 eadem

568 4698 750 4752 vero
804 4677 1008 4752 valle
1064 4678 1286 4752 stetit
1339 4678 1617 4774 palma,
1677 4678 1881 4752 unde
1916 4677 2136 4775 pueri
2189 4700 2442 4752 ramos
2496 4678 2873 4768 tulerunt,
2932 4677 3240 4773 quando
3296 4676 3447 4751 cla-

555 4804 980 4877 -maverunt
1031 4796 1417 4877 Hosanna.
1475 4801 1674 4877 Item
1729 4802 1812 4875 in
1859 4804 2122 4876 monte
2162 4801 2446 4877 Oliveti
2486 4805 2604 4877 est
2641 4802 3023 4898 spelunca,
3082 4805 3162 4876 et
3216 4800 3300 4874 in
3355 4822 3449 4875 ea

569 4926 935 5002 altarium
989 4929 1185 5004 bene
1238 4928 1601 5020 lucidum,
1642 4930 1721 5002 in
1759 4952 1911 5024 qua
1948 4928 2246 5003 solebat
2283 4928 2657 5002 Dominus
2714 4928 2982 5002 docere
3041 4926 3448 5022 discipulos

571 5075 788 5128 suos:
846 5076 1072 5152 super
1126 5078 1360 5151 quam
1405 5055 1844 5151 speluncam
1899 5058 2018 5130 est
2071 5058 2340 5149 sancta
2394 5055 2708 5130 00010010
2741 5053 3051 5151 grandis
3079 5043 3131 5145 ²,
3174 5054 3257 5126 et
3294 5073 3451 5126 non

735 5360 756 5402 ¹
795 5361 876 5428 In
916 5367 1135 5445 quinta
1173 5360 1331 5428 feria
1368 5361 1795 5430 hebdomadae
1835 5362 2086 5429 maioris
2129 5384 2266 5428 eam
2311 5362 2638 5428 ecclesiam
2658 5362 2844 5429 vallis
2865 5362 3165 5446 Iosaphat
3191 5360 3446 5427 obibant

570 5456 845 5541 litaniae,
886 5473 958 5525 ut
995 5464 1063 5527 in
1104 5465 1617 5545 Peregrinatione
1657 5465 1890 5544 legitur
1929 5487 1988 5546 p.
2032 5467 2129 5527 94.

732 5561 757 5597 ²
798 5563 998 5643 Saepe
1037 5564 1196 5624 hanc
1235 5563 1560 5625 ecclesiam
1589 5565 1933 5641 Peregrina
1971 5571 2284 5643 memorat,
2329 5572 2395 5625 et
2433 5563 2656 5627 iisdem
2696 5563 2938 5627 verbis:
2991 5586 3024 5621 ι
3048 5563 3112 5624 in
3152 5584 3274 5643 qua
3316 5581 3457 5642 spe—

572 5653 756 5723 111000
794 5661 1039 5725 solebat
1076 5661 1379 5724 Dominus
1424 5655 1649 5725 docere
1688 5661 2028 5742 discipulos
2051 5687 2110 5725 ›.

3242 5794 3312 5852 16
