4642 6650
1256 739 1345 807 50
2243 763 2296 809 6.
2349 764 2610 810 simma·
2660 766 3155 814 161166111611110

1261 984 1495 1057 66661;
1533 1004 1714 1054 116111
1752 981 2017 1056 eadem
2060 984 2179 1057 die
2224 983 2528 1080 vigiliae
2567 987 2857 1081 agende
2899 990 3121 1063 erant
3160 988 3236 1060 in
3277 988 3610 1063 ecclesia.
3669 989 3780 1063 Ac
3818 990 3924 1063 sic
3963 1010 4141 1084 ergo

1260 1107 1516 1204 aliquo
1554 1108 1787 1183 biduo
1826 1109 1932 1183 ibi
1968 1110 2226 1183 tenuit
2262 1132 2400 1184 nos
2438 1117 2745 1186 sanctus
2785 1114 3197 1209 episcopus,
3229 1119 3538 1188 sanctus
3575 1117 3656 1189 et
3693 1137 3873 1191 vere
3909 1117 4140 1190 homo

1132 1247 1204 1303 40
1258 1231 1424 1323 Dei,
1481 1235 1713 1307 notus
1769 1234 1957 1307 mihi
2001 1234 2155 1308 iam
2193 1237 2381 1309 satis
2431 1236 2441 1328 Ι
2493 1237 2584 1312 (16
2641 1260 2729 1312 60
2783 1241 3150 1334 1611111016,
3209 1261 3256 1311 6
3312 1261 3463 1333 (160
3520 1239 3618 1312 ad
3673 1238 4136 1313 Thebaidam

1259 1358 1556 1433 fueram
1586 1351 1635 1433 ¹.
1666 1358 1836 1456 Ipse
1892 1363 2153 1434 autem
2196 1365 2505 1436 sanctus
2547 1364 2937 1460 episcopus
2978 1387 3071 1438 ex
3112 1363 3481 1437 monacho
3522 1368 3666 1438 est:
3711 1388 3892 1438 nam
3930 1388 3977 1438 a
4030 1365 4139 1460 pi-

1259 1482 1587 1557 6111110111
1624 1488 2089 1559 monasterio
2129 1487 2472 1562 nutritus
2503 1490 2642 1578 est,
2683 1488 2850 1563 ideo
2890 1491 3029 1563 aut
3056 1491 3219 1562 tam
3259 1489 3605 1564 eruditus
3638 1489 3717 1562 in
3748 1490 4142 1584 scripturis

1261 1611 1400 1700 est,
1459 1612 1599 1684 aut
1652 1614 1816 1684 tam
1851 1610 2297 1686 emendatus
2336 1613 2415 1685 in
2455 1613 2662 1687 omni
2699 1614 2858 1689 vita
2896 1637 3059 1706 sua,
3106 1619 3194 1688 ut
3248 1618 3328 1688 et
3373 1614 3718 1711 superius
3757 1614 3936 1687 dixi.
3985 1613 4142 1687 Nos

1260 1738 1521 1809 autem
1558 1736 1734 1812 inde
1772 1738 1925 1810 iam
1963 1737 2392 1812 remisimus
2431 1739 2737 1830 militeS,
2779 1742 2911 1834 qui
2947 1739 3166 1815 nobis
3204 1762 3340 1835 pro
3396 1739 3791 1836 disciplina
3827 1716 4143 1814 roma’na

1260 1863 1550 1935 auxilia
1583 1863 2072 1957 prebuerant,
2105 1863 2472 1959 quamdiu
2501 1886 2636 1961 per
2661 1865 2830 1939 loca
2859 1868 3211 1961 suspecta
3248 1865 3939 1939 ambulaveramuS.
3973 1863 4138 1936 Iam

1260 1992 1522 2061 autem
1559 1988 1922 2082 quoniam
1962 1988 2067 2061 ibi
2104 1989 2257 2062 iam
2316 2011 2549 2084 agger
2604 1981 3007 2086 publicus²
3064 1994 3233 2063 erat
3287 2011 3420 2085 per
3475 1989 3891 2085 Egyptum,
3942 1988 4142 2083 quod

1257 2112 1778 2187 transiebatur
1839 2135 1974 2208 per
2028 2112 2393 2187 Arabiam
2449 2114 2867 2205 civitatem,
2925 2115 3002 2187 id
3060 2118 3179 2188 est
3233 2114 3435 2210 quod
3491 2114 3739 2187 mittit
3795 2114 3887 2188 de
3938 2113 4139 2187 The-

1258 2240 1489 2314 baida
1541 2240 1622 2313 in
1676 2239 2007 2330 Pelusio,
2064 2242 2147 2313 et
2198 2239 2368 2314 ideo
2425 2241 2581 2313 iam
2645 2263 2798 2313 non
2872 2239 3024 2313 fuit
3077 2263 3376 2315 necesse
3459 2262 3738 2316 vexare
3822 2240 4139 2312 1111Ιί166.

1218 2364 1840 2455 „Proficiscentes
1897 2386 2076 2460 ergo
2137 2364 2312 2439 inde
2375 2367 2631 2439 totum
2686 2388 2822 2461 per
2875 2367 3164 2439 terram
3231 2365 3535 2456 Gessen,
3612 2367 3764 2439 iter
3829 2365 4143 2438 fecimus

1265 2512 1559 2585 semper
1615 2490 1817 2564 inter
1870 2489 2157 2579 vineas,
2219 2512 2415 2585 quae
2470 2490 2661 2564 dant
2717 2490 3006 2579 vinum,
3047 2493 3130 2563 et
3167 2491 3451 2580 vineas,
3510 2511 3706 2585 quae
3746 2488 3937 2562 dant
3981 2488 4139 2561 bal-

1265 2640 1589 2706 samum,
1649 2618 1728 2690 et
1783 2616 1988 2690 inter
2040 2615 2386 2710 pomaria
2441 2618 2521 2689 et
2578 2638 2800 2710 agros
2856 2615 3336 2705 cultissimoS,
3377 2618 3459 2690 et
3494 2615 3800 2688 hortos:
3858 2614 4142 2708 primos

1263 2742 1418 2843 iam
1475 2741 1884 2815 habuimus
1942 2743 2197 2815 totum
2254 2763 2481 2837 super
2537 2742 2775 2835 ripam
2809 2740 3147 2814 fluminis
3183 2739 3342 2813 Nili
3369 2731 3397 2774 ³
3435 2742 3638 2813 inter
3682 2738 3959 2813 fundos
3997 2738 4142 2811 fre-

1264 2867 1824 2963 quentissimos,
1864 2887 2058 2960 quae
2096 2865 2408 2939 fuerant
2446 2865 2827 2961 quondam
2867 2865 3098 2940 villae
3137 2864 3465 2938 filiorum
3504 2863 3762 2937 Israel.
3810 2862 3913 2935 Et
3955 2860 4136 2956 quid

1263 2991 1528 3088 plura?
1584 2990 2093 3087 pulchriorem
2147 2990 2627 3065 territorium
2682 2993 2872 3086 puto
2929 3011 3050 3064 me
3089 3012 3509 3084 numquam
3564 2989 3866 3077 vidisse,
3908 3010 4136 3082 quam

1266 3119 1384 3192 est
1437 3119 1648 3190 terra
1702 3115 1978 3189 Iessen.
2034 3114 2144 3190 Ac
2201 3115 2305 3189 sic
2362 3136 2541 3210 ergo
2581 3116 2677 3189 ab
2734 3114 3020 3189 Arabia
3058 3114 3373 3190 civitate
3410 3114 3561 3188 iter
3600 3114 3965 3188 facientes
4005 3136 4142 3209 pro

1263 3242 1498 3317 biduo
1554 3244 1809 3316 totum
1864 3262 1999 3337 per
2034 3244 2327 3315 terram
2357 3241 2636 3315 Gessen
2675 3241 3155 3336 pervenimus
3193 3240 3500 3313 Tatnis:
3539 3239 3620 3312 in
3657 3261 3749 3312 ea
3787 3238 4136 3330 civitate,

1266 3370 1397 3443 ubi
1451 3371 1684 3443 natus
1739 3371 1858 3442 est
1910 3370 2219 3441 sanctus
2274 3367 2597 3463 Moyses.
2677 3365 2883 3442 Haec
2939 3370 3058 3440 6613
3139 3368 3400 3439 6616111
3482 3365 3753 3440 civitas
3795 3363 4138 3452 TathniS,

1265 3517 1460 3591 quae
1497 3493 1650 3568 fuit
1686 3493 2070 3589 quondam
2126 3473 2570 3589 metropolis
2627 3493 3052 3566 Pharaonis
3076 3486 3123 3565 ⁴.
3165 3492 3267 3565 Et
3319 3490 3501 3565 licet
3539 3511 3629 3564 ea
3664 3490 3855 3578 loca,
3888 3491 3980 3561 ut
4017 3511 4143 3559 su-

1265 3622 1518 3718 perius
1574 3619 1754 3710 dixi,
1812 3619 1966 3692 iam
2023 3641 2317 3694 nossem
2348 3613 2398 3709 5,
2438 3618 2516 3691 1(1
2556 3621 2672 3692 661
2711 3617 3013 3713 quando
3053 3615 3596 3691 Alexandriam
3635 3614 3757 3690 vel
3795 3613 3894 3688 ad
3942 3612 4133 3687 The-

1263 3745 1564 3820 baidem
1623 3744 1941 3834 fueram,
1981 3746 2244 3817 tamen
2291 3742 2474 3838 quia
2513 3742 2611 3816 ad
2648 3743 2960 3837 plenum
2999 3741 3283 3818 discere
3323 3739 3680 3815 volebam
3719 3739 3907 3828 loca,
3951 3760 4148 3833 quae

1266 3871 1861 3946 ambulaverunt
1897 3869 2036 3943 filii
2075 3868 2338 3959 Israel,
2380 3868 2934 3965 proficiscentes
2973 3889 3068 3941 ex
3115 3867 3471 3940 Ramesse
3509 3885 3750 3961 usque
3796 3863 3893 3937 ad
3933 3885 4148 3935 mon-

1264 4002 1417 4072 tem
1460 3994 1626 4086 Dei,
1666 3998 1976 4069 sanctus
2016 3993 2260 4089 Syna;
2303 4016 2393 4068 ac
2440 3995 2545 4068 sic
2580 4014 2883 4068 necesse
2923 3992 3075 4065 fuit
3112 3992 3347 4066 etiam
3387 3991 3636 4064 denuo
3695 3989 3794 4064 ad
3848 3991 4143 4063 terram

1426 4223 1444 4260 ¹
1472 4222 1595 4285 Hic
1636 4227 1701 4283 et
1736 4220 1918 4299 paulo
1945 4224 2093 4297 post
2120 4218 2257 4298 ipsa
2284 4223 2586 4279 memorat
2619 4237 2792 4279 666111
2839 4217 2905 4277 111
2948 4216 3327 4280 Thebaidem
3366 4213 3948 4295 peregrinationem,
3984 4232 4140 4291 qnae

1265 4324 1535 4399 obvenit,
1578 4342 1760 4399 quum
1799 4320 2063 4399 primum
2104 4318 2172 4378 in
2211 4319 2567 4396 Aegyptum
2611 4337 2678 4378 66
2718 4317 3108 4378 contulisset.

1425 4421 1449 4457 ²
1480 4420 1627 4482 cod.
1659 4440 1810 4497 ager
1834 4417 2139 4496 1161111666.
2167 4416 2329 4477 Nam
2361 4435 2485 4476 non
2512 4414 2590 4475 de
2630 4435 2779 4493 agro
2809 4415 3075 4493 publicO,
3102 4414 3205 4492 qui
3235 4414 3313 4475 ad
3341 4413 3632 4493 populum
3661 4431 3978 4474 romanum
4017 4431 4153 4491 per-

1266 4520 1521 4593 tinebat,
1551 4518 1661 4580 661
1693 4518 1768 4578 (16
1788 4517 1893 4579 via
1920 4515 2048 4596 (vel
2077 4515 2332 4594 aggere)
2360 4513 2609 4593 publica
2637 4520 2702 4573 et
2726 4513 2982 4573 militari
3024 4512 3253 4574 mentio
3294 4511 3463 4573 facta
3505 4531 3645 4572 6666
3673 4511 3949 4589 videtur3
3991 4530 4151 4587 quae

1263 4619 1371 4680 via
1398 4637 1432 4678 6
1461 4615 1778 4678 Thebaide
1820 4612 2086 4674 deducta
2124 4613 2432 4675 transibat
2468 4632 2580 4691 per
2619 4610 2916 4673 Arabiam
2943 4612 3279 4690 civitatem,
3311 4612 3486 4672 alveo
3518 4610 3828 4690 pelusiaco
3872 4608 4154 4688 probabi-

1264 4718 1414 4779 liter
1466 4714 1830 4794 adpositam,
1884 4710 2029 4772 inde
2083 4711 2165 4771 ad
2218 4710 2536 4771 Pelusium
2578 4710 2999 4789 perveniebat.

1425 4815 1450 4851 ³
1477 4815 1610 4874 Iter
1650 4830 1839 4890 super
1875 4809 2073 4887 ripam
2112 4806 2383 4869 fluminis
2424 4807 2576 4885 Nili,
2620 4808 2862 4869 scilicet
2902 4806 3065 4869 alvei
3103 4806 3422 4886 pelusiaci,
3465 4807 3569 4886 qui
3612 4813 3922 4868 extremus
3961 4813 4062 4867 est
4086 4805 4154 4866 in

1266 4919 1444 4994 parte
1487 4907 1789 4985 orientali,
1832 4912 2012 4983 atque
2055 4905 2118 4966 in
2167 4915 2335 4994 νομῷ
2378 4904 2669 4966 Arabiae.

1428 5011 1455 5045 ⁴
1482 5007 1636 5070 'Pani
1680 5014 1745 5068 et
1784 5005 2067 5082 Tathnis,
2109 5004 2279 5065 Zoan
2323 5010 2388 5065 et
2428 5004 2596 5066 Tsan
2623 5003 2689 5064 in
2717 5003 2912 5065 sacris
2941 5003 3193 5081 chartis,
3223 5023 3416 5082 prope
3446 5002 3671 5063 ostium
3700 4999 4026 5061 taniticum
4054 5019 4157 5080 po-

1269 5114 1394 5174 sita
1415 5110 1496 5172 ad
1516 5108 1814 5170 orientem
1841 5105 2039 5184 ipsius
2068 5103 2247 5164 alvei.
2270 5103 2420 5164 Fuit
2442 5103 2625 5165 sedes
2645 5102 2989 5163 Pharaonis
3013 5110 3289 5180 tempore
3317 5101 3557 5179 Moysis
3582 5100 3789 5180 (Num.
3811 5099 4003 5173 XIII,
4028 5099 4153 5178 23),

1271 5208 1459 5271 etiam
1484 5212 1703 5286 postea
1726 5202 1938 5282 (Isaia,
1962 5200 2146 5277 XIX,
2175 5203 2269 5279 11,
2295 5202 2417 5281 13),
2439 5201 2548 5261 ubi
2574 5200 2829 5279 Moyses
2852 5206 3035 5260 natus
3066 5219 3206 5259 esse
3237 5205 3301 5259 et
3329 5197 3621 5259 miracula
3650 5195 3878 5258 fecisse
3900 5202 4158 5275 putatur

1273 5306 1531 5390 (Psalm.
1572 5300 1910 5376 LXXVII,
1957 5299 2051 5372 12,
2095 5298 2175 5357 43
2222 5319 2254 5354 ‹
2282 5296 2570 5375 prodigia
2612 5317 2724 5358 sua
2770 5297 2835 5356 in
2880 5316 3092 5374 campo
3145 5296 3388 5356 Taneos
3414 5295 3495 5375 »).
3544 5295 3775 5372 Magna
3825 5299 3961 5354 erat
4006 5291 4156 5352 urbs

1271 5411 1549 5481 tempore
1604 5397 1875 5476 Augusti
1933 5395 2162 5476 (Strab.
2204 5394 2419 5472 XVII,
2461 5415 2602 5473 pag.
2645 5395 2809 5475 802),
2860 5402 3045 5472 atque
3100 5394 3282 5454 titulo
3332 5393 3580 5483 μεγάλη
3632 5391 3698 5451 16
3740 5388 3952 5470 Steph.
3994 5388 4152 5467 Byz.

1274 5500 1379 5582 (ad
1397 5520 1458 5561 v.
1482 5497 1692 5576 Τάνις)
1721 5494 1967 5573 legitur.
1992 5493 2243 5555 Rudera
2265 5494 2399 5556 eius
2421 5493 2729 5554 mirabilia
2756 5493 2942 5555 etiam
2962 5512 3122 5555 nunc
3142 5492 3426 5554 visuntur
3460 5489 3582 5570 (cf.
3627 5489 3847 5568 Smith,
3882 5487 4156 5548 Diction.

1275 5597 1356 5658 ad
1396 5616 1456 5658 v.
1508 5595 1738 5676 Tanis).
1772 5630 1848 5638 —
1877 5592 1902 5627 ⁵
1932 5592 2084 5653 Cod.
2124 5611 2330 5654 nosse.
3528 5598 3542 5612 ·
