4642 6650
1557 719 1647 762 mc
1692 717 2044 764 urs-muzus
2092 718 2179 762 ΕΤ
2225 717 2444 763 mmm
3394 696 3435 760 9

560 944 770 1017 niam
825 943 1103 1038 septies
1150 939 1163 1032 Ι
1214 939 1684 1015 vindicatum
1742 942 1860 1012 est
1897 938 1988 1011 de
2029 937 2261 1035 Cayn,
2302 937 2395 1012 de
2432 936 2759 1012 Lamech
2815 940 3076 1012 autem
3130 942 3433 1034 septua-
3489 945 3522 1003 7

559 1069 719 1165 gies
774 1068 1053 1162 septies
1091 1123 1154 1154 ,‚.
1213 1065 1316 1139 Et
1371 1066 1539 1161 quis
1594 1065 1716 1139 hic
1771 1067 1887 1138 est
1941 1064 2073 1138 illo
2120 1063 2324 1137 iusto
2364 1062 2556 1136 Abel
2593 1062 2888 1154 iustior,
2930 1063 3146 1137 cuius
3182 1057 3432 1139 nuncl

560 1215 904 1268 moerore
942 1213 1232 1287 poenae
1260 1182 1287 1224 ²
1324 1213 1528 1265 mors
1557 1189 1929 1263 vincenda
1969 1190 2109 1262 sil-,2
2150 1188 2445 1262 Nomen
2485 1188 2860 1282 perempti
2896 1191 3232 1264 tacetur:
3271 1190 3437 1265 vul-

562 1341 703 1391 nus
735 1340 890 1390 non
929 1317 1025 1390 ad
1063 1319 1541 1411 peremptum
1580 1315 1712 1387 sed
1752 1315 1850 1386 ad
1888 1317 2440 1409 peremptorem
2481 1313 2842 1387 refertur:
2877 1317 2957 1387 et
2985 1314 3180 1389 livor
3206 1305 3233 1349 ³
3270 1337 3434 1390 cae-

563 1444 815 1518 dentis
869 1443 1126 1539 potius
1185 1442 1500 1516 docetur
1556 1463 1719 1516 esse
1775 1463 1929 1514 non
1986 1441 2206 1514 caesi.
2245 1439 2692 1514 Interfectio
2741 1440 3038 1514 iuvenis
3076 1442 3437 1516 uxoribus

560 1569 990 1658 nuntiatur,
1050 1589 1221 1642 cum
1277 1567 1516 1640 trium
1571 1566 1980 1640 mulierum
2019 1566 2331 1638 nomina
2369 1564 2930 1655 contineantur,
2973 1569 3284 1639 tantum
3340 1566 3438 1640 ad

560 1693 750 1768 duas
804 1715 1051 1771 sermo
1109 1695 1265 1766 est:
1307 1692 1719 1786 prophetat
1776 1690 2076 1785 impius,
2118 1693 2200 1762 et
2237 1690 2447 1762 ultra
2505 1681 2773 1785 Gay-11⁴
2826 1712 3151 1785 poenam
3206 1692 3436 1765 ultio·

557 1840 733 1892 nem
790 1818 1232 1892 commissae
1289 1841 1335 1891 a
1372 1839 1451 1890 se
1491 1815 1740 1891 caedis
1780 1814 2236 1889 accumulat.
2277 1814 2484 1889 Haec
2537 1837 2693 1887 non
2747 1816 3243 1890 transcursim
3300 1839 3436 1889 au·

560 1942 836 2018 dienda
891 1946 1096 2033 sunt,
1155 1942 1286 2016 6611
1326 1943 1406 2015 111
1444 1942 1560 2014 1116
1600 1942 2039 2014 futurorum
2078 1939 2437 2034 figuratio
2479 1939 2892 2014 scrutanda
2931 1943 3070 2014 est.
3113 1940 3440 2016 Lamech

557 2067 914 2164 principis
954 2068 1430 2143 sacerdotum
1462 2068 1696 2141 habet
1724 2066 2068 2161 speciem,
2111 2066 2242 2162 qui
2271 2066 2925 2141 consentientibus
2964 2067 3106 2140 sibi
3145 2066 3438 2143 iudaeis

560 2197 640 2267 et
694 2194 1074 2289 gentibuS,
1125 2193 1326 2268 cruci
1366 2193 1777 2267 Dominum
1817 2186 2223 2287 subfigit⁵z
2266 2214 2445 2265 nam
2502 2212 2598 2264 ex
2652 2191 2851 2265 atrio
2907 2192 3264 2287 principis
3320 2215 3436 2267 sa-

560 2319 886 2419 cerdotis
926 2320 1021 2392 ad
1060 2317 1438 2392 Herodem
1476 2318 1678 2391 idem
1718 2317 2089 2391 Dominus
2129 2316 2402 2391 ductus
2439 2318 2579 2407 est,
2620 2316 2841 2412 plebe
2881 2316 3352 2391 credentium
3392 2340 3439 2392 a

557 2444 861 2519 sceleris
916 2443 1445 2518 communione
1512 2445 1848 2532 secreta,
1906 2444 1987 2516 et
2041 2441 2316 2515 idcirco
2393 2441 2690 2516 duabus
2762 2443 3161 2537 tamquam
3218 2443 3439 2517 sociis

560 2570 703 2643 sibi
758 2572 839 2643 et
897 2568 1260 2642 uxoribus
1316 2568 1623 2643 caedem
1679 2567 1978 2641 iuvenis
2033 2567 2452 2662 gloriatur:
2512 2569 2595 2639 et
2650 2567 2831 2662 quia
2886 2566 3143 2640 nullus
3202 2567 3293 2642 de
3349 2589 3438 2641 eo

558 2714 827 2767 sensus
877 2697 996 2766 est
1051 2715 1337 2789 poenae
1357 2684 1407 2783 ⁶,
1447 2693 1528 2765 in
1566 2713 1644 2765 se
1685 2694 1765 2766 et
1803 2692 2127 2766 vulnera
2164 2694 2243 2765 et
2279 2692 2603 2765 livorem
2627 2682 2656 2724 ⁷
2694 2691 3016 2765 iniuriae
3074 2695 3155 2766 et
3191 2692 3439 2767 caedis

559 2819 877 2914 excepit,
936 2819 1302 2893 instinctu
1360 2818 1595 2892 etiam
1635 2818 2075 2912 prophetico
2115 2820 2235 2890 est
2269 2817 2598 2891 locutus.
2640 2816 2842 2890 Nam
2881 2820 2961 2891 et
3008 2821 3177 2891 tum
3232 2819 3436 2915 prin·

560 2967 731 3039 ceps
784 2944 1265 3018 sacerdotum
1307 2943 1641 3017 nesciens
1679 2941 2192 3038 prophetavit,
2235 2942 2433 3016 sicut
2473 2942 2553 3015 in
2598 2942 3015 3037 evangeliis
3072 2930 3435 3038 scriptum

560 3060 773 3144 est⁸:
841 3072 873 3104 “
912 3068 1127 3142 Unus
1183 3071 1445 3141 autem
1501 3089 1593 3141 ex
1648 3067 1766 3141 his
1823 3066 2172 3163 Cayphas
2226 3066 2556 3158 nomine,
2617 3089 2788 3141 cum
2847 3071 3044 3142 esset
3099 3085 3441 3142 summus

561 3193 905 3270 sacerdos
960 3194 1144 3267 anni
1198 3191 1445 3283 illius,
1506 3190 1699 3264 dixit
1755 3192 1905 3265 eis:
1966 3214 2103 3265 vos
2175 3192 2485 3265 nescitis
2542 3192 2778 3283 nihil,
2836 3214 2974 3268 nec
3029 3194 3437 3290 percipitiS‚

560 3321 741 3416 quia
795 3319 1101 3415 expedit
1156 3318 1415 3411 nobis,
1469 3321 1560 3392 ut
1616 3342 1814 3392 unus
1869 3318 2097 3391 homo
2173 3318 2551 3391 moriatur
2619 3341 2754 3414 pro
2829 3319 3090 3415 plebe,
3150 3322 3230 3395 et
3285 3343 3440 3394 non

559 3447 916 3521 universa
970 3467 1157 3541 gens
1212 3448 1478 3540 pereat
1517 3500 1581 3532 ,‚.
1640 3443 1803 3517 Hoc
1858 3446 2121 3517 autem
2158 3466 2204 3515 a
2242 3464 2321 3516 se
2358 3464 2513 3515 non
2552 3442 2769 3535 dixit,
2828 3444 2953 3518 sed
3013 3467 3185 3519 curn
3241 3449 3439 3519 esset

558 3572 906 3646 sacerdos
964 3572 1147 3645 anni
1188 3571 1391 3644 illius
1429 3569 1945 3666 prophetavit.
1988 3567 2469 3642 Concurrunt
2506 3590 2686 3663 ergo
2727 3570 2983 3643 omnia
3037 3570 3207 3660 sibi,
3266 3592 3437 3666 per-

560 3698 785 3787 sonis,
826 3698 1076 3786 rebus,
1118 3698 1391 3771 effectu
1418 3686 1468 3784 ⁹,
1511 3698 1590 3769 et
1629 3697 2018 3789 gestorum
2058 3693 2240 3767 fides
2277 3694 2602 3787 speciem
2658 3694 3189 3790 complectitur
3229 3696 3435 3769 futu-

559 3846 842 3897 rorum.
884 3823 1266 3897 Numerus
1307 3843 1606 3918 quoque
1634 3821 1714 3893 in
1745 3820 1956 3916 Cayn
1993 3823 2074 3893 et
2110 3819 2438 3893 Lamech
2471 3841 2758 3913 poenae
2794 3843 2948 3894 non
2987 3821 3147 3895 sine
3180 3821 3439 3916 aliqua

559 3945 1112 4042 significatione
1167 3946 1682 4040 perscribitur.
1727 3944 1917 4017 Cum
1956 3943 2157 4016 enim
2196 3943 2610 4016 secundum
2650 3945 3059 4038 prophetas
3109 3948 3434 4041 septem-

561 4073 726 4168 plex
783 4094 1029 4167 poena
1065 4071 1145 4144 in
1184 4071 1507 4144 iniustos
1546 4070 1649 4144 sit
1687 4070 2134 4159 constituta,
2176 4068 2477 4160 PetrUS,
2520 4091 2746 4165 super
2784 4092 3010 4164 quem
3047 4069 3437 4144 ecclesiam

560 4202 956 4291 tamquam
994 4197 1172 4272 vivo
1212 4195 1711 4269 fundamento
1751 4193 2226 4284 aedificabat,
2269 4216 2369 4266 an
2405 4195 2749 4289 peccanti
2784 4194 2865 4267 in
2904 4216 2982 4269 se
3019 4195 3433 4269 secundum

557 4322 1115 4417 legemsepties
1155 4320 1257 4393 sit
1291 4319 1766 4408 remissurus,
1806 4317 2235 4414 interrogat
2269 4307 2343 4390 ¹⁰.
2387 4317 2524 4391 Cui
2561 4318 2956 4409 Dominus,
2997 4322 3088 4392 ut
3128 4322 3435 4414 septua-

558 4449 720 4543 gies
775 4448 1051 4542 septies
1087 4446 1542 4541 indulgeret,
1582 4444 2007 4540 respondit:
2049 4465 2182 4539 per
2220 4444 2414 4517 hanc
2470 4443 3103 4538 significationem
3160 4443 3439 4519 docens

558 4574 799 4669 ipsam
855 4572 1093 4661 illam,
1151 4570 1282 4667 qui
1339 4569 1702 4644 credituri
1757 4570 2029 4659 essent,
2083 4568 2092 4659 Ι
2142 4568 2511 4664 passionis
2564 4590 2749 4642 suae
2806 4591 3124 4664 poenam
3173 4569 3434 4644 remit·
3489 4587 3529 4644 8

560 4699 913 4789 tendam,
973 4721 1145 4773 cum
1217 4697 1298 4771 in
1353 4700 1729 4792 quantum
1794 4696 2131 4770 vindicta
2162 4686 2210 4729 ¹¹
2269 4694 2434 4769 eius
2488 4694 3002 4789 multiplicata
3057 4699 3297 4788 esset,
3356 4696 3439 4769 in

560 4827 867 4897 tantum
924 4846 1186 4896 rursus
1243 4822 1465 4897 venia
1520 4820 1972 4895 abundaret.

725 4947 908 5022 Seth
966 4948 1236 5022 deinde
1290 4947 1655 5036 nascitur,
1699 4945 1880 5020 Seth
1920 4945 1999 5018 in
2038 4945 2413 5041 perempti
2451 4943 2640 5040 Abel
2691 4945 2986 5034 locum;
3047 4968 3304 5021 semen
3357 4947 3438 5019 in

563 5096 651 5149 eo
718 5074 928 5147 aliud
1004 5075 1406 5148 excitatur.
1464 5071 1627 5147 Eva
1697 5071 1810 5145 ait
1865 5070 2116 5146 dicens
2148 5063 2244 5144 ¹²:
2313 5076 2343 5106 ‘⁴
2384 5071 2772 5144 Excitavit
2825 5072 3013 5144 mihi
3068 5073 3270 5146 Deus
3326 5095 3437 5146 se-

563 5221 739 5274 men
794 5198 1003 5273 aliud
1058 5221 1195 5294 pro
1252 5198 1470 5290 Abel,
1545 5219 1768 5292 quem
1837 5196 2111 5271 occidit
2179 5196 2367 5271 Cain
2415 5251 2478 5284 ,‚.
2554 5196 3100 5292 Interpretatio
3173 5200 3439 5272 autem

734 5492 946 5553 ι11111116
974 5529 1053 5538 -
1084 5493 1319 5572 ²poena
1350 5527 1415 5536 —
1451 5492 1650 5554 ³libor
1676 5527 1735 5537 -—
1773 5491 2005 5571 ἰ(11151111
2023 5528 2104 5540 —-
2126 5492 2411 5566 ⁵subficit
2447 5527 2509 5539 -
2543 5493 2568 5530 ὅ
2583 5512 2739 5571 pene
2764 5528 2844 5539 —-
2870 5491 3167 5553 ⁷liborem
3197 5526 3281 5537 -
3305 5489 3437 5552 ⁸10-

562 5590 702 5652 han.
733 5590 886 5669 XII,
916 5591 995 5651 49
1022 5626 1103 5637 —
1131 5589 1424 5670 ⁹adfectu
1464 5626 1519 5636 -
1561 5589 1607 5626 ¹⁰
1621 5589 1844 5652 Matth.
1876 5591 2124 5669 XVIII,
2155 5592 2233 5651 22
2266 5626 2340 5637 —
2375 5589 2417 5625 ¹¹
2439 5588 2773 5652 vindictam
2810 5627 2872 5637 —
2913 5588 3199 5652 ι3661166.
3226 5588 3306 5668 V,
3335 5588 3433 5650 25.

3079 5725 3116 5779 2
