4642 6650
1194 682 1234 747 8
2454 702 2505 748 s.
2556 703 2812 748 mnium

1189 921 1586 995 nominum
1642 920 2011 995 discretus
2066 922 2474 1012 a‘sanctiS,
2531 921 2859 996 Domino
2926 921 3222 996 dicente
3249 912 3317 993 ¹:
3383 924 3414 956 “
3452 912 3674 995 Veh²
3725 922 3867 1014 his,
3925 923 4059 1018 qui

1190 1047 1478 1137 ridunt,
1512 1048 1692 1142 quia
1726 1048 2066 1136 flebunt3
2109 1051 2189 1122 et
2225 1047 2434 1122 beati
2463 1049 2835 1143 lugente3‚
2867 1047 3049 1143 quia
3086 1046 3684 1122 consolabuntur
3717 1105 3777 1136 ,‚.
3807 1048 4062 1143 Atque

1192 1174 1282 1243 ut
1337 1171 1594 1245 omnia
1650 1171 2021 1246 Dominus
2060 1171 2387 1262 doceret,
2427 1172 3057 1268 praefigurationi
3097 1163 3106 1272 Ι
3152 1171 3549 1266 utriusque
3587 1172 3850 1268 populi
3886 1195 4061 1247 con-

1188 1295 1447 1370 venire
1513 1287 1797 1369 dixit³z
1840 1300 1897 1339 ·“
1935 1296 2116 1370 Ideo
2175 1318 2345 1371 ecce
2399 1296 2627 1370 mitto
2692 1297 2791 1370 ad
2845 1318 2981 1372 vos
3037 1297 3467 1392 prophetas,
3525 1299 3606 1371 et
3660 1296 4059 1391 sapienteS,

1188 1422 1269 1493 et
1322 1421 1643 1508 scribas;
1702 1423 1783 1495 et
1838 1443 1930 1495 ex
1988 1420 2139 1494 illis
2195 1420 2554 1495 occidetis
2608 1420 2688 1493 in
2737 1421 3166 1516 synagogiS,
3207 1424 3288 1495 et
3342 1421 3876 1516 persequimini
3934 1443 4061 1496 eos

1190 1543 1281 1619 de
1337 1545 1652 1619 civitate
1692 1546 1772 1617 in
1811 1545 2230 1636 civitatem,
2271 1549 2363 1618 ut
2400 1544 2665 1621 veniat
2701 1567 2928 1642 super
2963 1567 3099 1621 vos
3139 1545 3383 1619 omnis
3421 1546 3729 1641 sanguis
3784 1547 4056 1636 iustus»,

1187 1670 1317 1764 qui
1373 1671 1654 1744 effusus
1710 1673 1828 1744 est
1882 1693 2107 1766 super
2156 1671 2470 1760 terram,
2512 1694 2558 1743 a
2595 1670 2966 1765 sanguine
3004 1670 3197 1744 Abel
3234 1671 3420 1745 iusti
3457 1692 3698 1766 usque
3738 1671 3828 1743 ad
3889 1693 4064 1744 san·

1185 1795 1495 1889 guinem
1535 1795 1944 1869 Zachariae
1982 1793 2120 1867 filii
2158 1795 2716 1885 Bari-achiehel,
2759 1817 2987 1891 quem
3027 1795 3406 1870 occidistis
3445 1797 3646 1871 inter
3690 1796 4065 1891 templum

1187 1924 1267 1995 et
1323 1920 1569 1994 altare
1608 1975 1671 2007 „.
1733 1919 1924 1994 Abel
1982 1922 2611 2015 itaque·sanguis
2667 1920 2764 1993 ab
2824 1942 2913 1994 eo
2952 1920 3408 2014 exquiritur,
3465 1920 3596 2016 qui
3649 1920 4065 1995 secundum

1188 2043 1398 2141 Cayn
1435 2044 2158 2140 praefigurationem
2196 2044 2441 2119 iustos
2479 2047 2600 2118 est
2634 2046 3115 2140 persecutus:
3156 2048 3237 2120 et
3270 2044 3721 2120 maledictus
3759 2068 3806 2118 a
3859 2049 4069 2120 terra

1187 2172 1327 2260 est,
1387 2191 1585 2265 quae
1641 2169 1983 2266 aperiens
2039 2192 2123 2244 os
2179 2192 2404 2242 suum
2446 2169 2896 2265 sanguinem
2933 2168 3195 2243 fratris
3251 2170 3567 2265 excepit.
3608 2169 3701 2242 In
3757 2192 4066 2267 corpore

1186 2296 1388 2369 enim
1429 2293 1733 2386 Christi,
1775 2295 1854 2368 in
1897 2317 2047 2391 quo
2085 2298 2166 2370 et
2203 2296 2534 2391 apostoli
2573 2298 2654 2369 et
2690 2295 3001 2377 ecclesia
3041 2298 3180 2386 est,
3237 2295 3579 2369 omnium
3617 2296 4067 2392 sanguinem

1184 2420 1542 2496 universa
1597 2441 1863 2494 eorum
1919 2441 2094 2494 caro
2151 2424 2234 2494 et
2289 2421 2703 2515 posteritas
2741 2421 3092 2515 suscepit,
3131 2420 3779 2516 proclamantibus
3836 2421 4062 2517 ipsis:

1194 2549 1237 2629 ’ἦ
1266 2545 1591 2640 Sanguis
1645 2546 1809 2620 eius
1867 2568 2095 2641 super
2148 2569 2285 2620 nos
2343 2550 2424 2621 et
2477 2567 2704 2641 super
2760 2545 2958 2619 filios
3014 2549 3316 2620 nostros
3358 2603 3422 2634 „.

1343 2672 1631 2746 Rerum
1686 2672 1950 2767 itaque
2006 2672 2084 2745 in
2142 2671 2355 2769 Cayn
2411 2674 2799 2768 gestarum
2838 2670 3560 2766 praefigurationem
3616 2671 4062 2746 effectorum

1184 2797 1370 2873 fides
1407 2800 1525 2873 est
1562 2801 1989 2889 consecuta,
2030 2821 2168 2874 nec
2204 2799 2493 2873 secerni
2531 2801 2851 2894 possunt
2888 2823 2935 2872 a
2971 2798 3636 2894 praeformationis
3674 2799 4061 2895 exemplo:

1185 2925 1265 2997 in
1296 2946 1486 3018 quos
1514 2922 1852 2997 eiusdem
1880 2926 2141 2998 reatus
2170 2925 2288 2997 est
2326 2923 2521 2996 ultio
2552 2925 2978 2997 consecuta.
3025 2921 3307 2996 Verum
3338 2923 3573 2997 etiam
3604 2924 3683 2996 in
3712 2945 3827 3015 eo,
3861 2923 4064 3020 quod

1186 3047 1474 3121 dictum
1509 3050 1668 3122 est:
1711 3050 1742 3082 “
1772 3046 2045 3122 Nonne
2073 3047 2136 3121 si
2166 3050 2372 3121 recte
2403 3048 2694 3138 efferae,
2734 3049 2942 3122 recte
2971 3049 3060 3119 tu
3089 3070 3244 3120 non
3274 3045 3588 3138 dividas,
3619 3048 3996 3142 peccasti?
4025 3103 4057 3135 „

1186 3174 1491 3268 praeter
1545 3171 1656 3246 rei
1710 3171 2128 3271 praesentis
2186 3171 2540 3246 effectum
2598 3172 2841 3244 futuri
2898 3193 3202 3268 quoque
3257 3171 3536 3266 species
3584 3173 4064 3248 continetur:

1185 3296 1346 3378 Deo
1375 3297 1578 3371 enim
1606 3318 1760 3371 non
1788 3297 2094 3394 placent
2132 3295 2279 3370 nisi
2317 3296 2774 3387 communia,
2808 3298 2888 3370 et
2916 3294 3395 3392 participata,
3429 3301 3509 3373 et
3539 3296 3839 3373 amicta.
3876 3296 4061 3372 Pro-

1186 3423 1415 3497 missa
1453 3443 1632 3516 ergo
1663 3422 1803 3496 Dei
1831 3425 2237 3517 expectans
2275 3422 2603 3517 populus
2630 3443 2764 3518 per
2789 3421 3061 3517 legem,
3093 3422 3394 3496 etiamsi
3424 3445 3597 3497 cum
3625 3425 4062 3519 praecepto·

1186 3572 1360 3623 rum
1389 3548 1878 3624 observantia
1907 3551 2113 3623 recte
2142 3548 2302 3622 Deo
2335 3548 2627 3638 offerat,
2647 3550 2932 3637 tamen,
2956 3547 3103 3620 nisi
3132 3548 3327 3622 hanc
3355 3548 3597 3643 ipsam
3627 3549 3765 3624 Dei
3794 3549 4065 3644 legem,

1189 3696 1384 3770 quae
1441 3676 1714 3748 umbra
1761 3677 1879 3749 est
1916 3674 2383 3764 futurorum,
2423 3696 2596 3748 cum
2633 3674 2982 3769 gentium
3020 3675 3605 3771 congregatione
3646 3674 4063 3749 communi-

1187 3805 1332 3892 cet,
1369 3801 1736 3897 peccavit.
1776 3799 2009 3875 Recte
2064 3822 2243 3895 ergo
2301 3822 2456 3873 non
2505 3799 2871 3891 dividenS,
2923 3800 3234 3874 crimine
3291 3800 3797 3875 detenebitur.
3857 3800 4067 3897 Cayn

1187 3949 1541 4022 namque,
1583 3926 1927 4001 invidens
1966 3925 2213 4015 fratri,
2254 3948 2408 3999 non
2447 3926 3043 4021 participaverat
3079 3926 3224 4000 sibi
3261 3930 3706 4022 conspectae
3755 3918 3847 4001 a⁴
3903 3928 4062 4001 Deo

1187 4050 1487 4125 hostiae
1542 4051 1917 4144 gratiam;
1960 4052 2040 4124 et
2077 4052 2453 4145 peccator,
2495 4051 2675 4145 quia
2712 4072 2866 4124 non
2903 4053 3106 4124 recte
3146 4049 3545 4141 divideret,
3604 4051 4070 4125 constitutus

1190 4177 1329 4249 est.
1373 4174 1533 4260 Quo
1573 4174 1916 4269 exemplo
1972 4174 2334 4268 probatas
2390 4173 2549 4248 Deo
2605 4195 2697 4248 ex
2754 4173 3109 4269 gentibus
3164 4174 3455 4249 hostias
3509 4174 3677 4263 nisi,
3736 4173 3869 4269 qui
3925 4175 4065 4247 sub

1189 4303 1355 4396 lege
1393 4301 1598 4390 sunt,
1640 4298 2010 4393 dividant,
2053 4299 2287 4373 etiam
2345 4298 2409 4373 si
2464 4300 2630 4395 lege
2686 4303 2891 4373 recte
2948 4301 3301 4389 utantur,
3358 4300 3437 4373 in
3494 4298 3805 4374 crimine
3863 4302 4067 4373 sunt.

1353 4425 1498 4500 Sed
1554 4446 1650 4500 ne
1706 4425 1787 4498 in
1841 4424 2168 4499 Lamech
2224 4424 2534 4519 quidem
2571 4427 2792 4499 extra
2831 4425 3078 4498 futuri
3115 4424 3440 4520 speciem
3494 4445 3612 4498 res
3668 4426 4069 4519 geruntur.

1190 4550 1334 4626 Hic
1386 4550 1719 4625 refertur
1772 4549 2006 4623 fuisse
2061 4550 2388 4623 duarum
2448 4572 2771 4623 uxorum
2826 4550 3194 4640 maritus,
3254 4572 3581 4646 quarum
3635 4547 4071 4623 nominibus

1192 4676 1433 4750 etiam
1488 4675 1768 4750 tertiae
1822 4674 2205 4765 mulieris,
2265 4675 2362 4748 ab
2419 4676 2581 4750 eius
2654 4676 2919 4749 tamen
2981 4673 3342 4769 'coniugio
3414 4674 3737 4761 liberae,
3795 4694 4074 4747 nomen

1195 4802 1582 4876 adiectum
1639 4803 1795 4874 est:
1855 4801 2088 4896 atque
2144 4800 2379 4875 etiam
2435 4799 2633 4874 idem
2692 4799 3018 4874 Lamech
3072 4799 3431 4874 scribitur
3484 4798 3635 4872 ista
3687 4797 3966 4872 dixisse
4002 4789 4071 4870 ⁵:

1204 4934 1235 4966 “
1272 4929 1489 5002 Dixit
1542 4930 1804 5001 autem
1860 4926 2184 5000 Lamech
2256 4925 2702 5000 mulieribus
2776 4927 2933 5000 suis
2997 4925 3209 5000 Adae
3282 4929 3363 5000 et
3438 4924 3724 4999 Sellae:
3784 4923 4069 4998 Audite

1195 5076 1459 5130 vocem
1513 5075 1763 5126 meam
1821 5052 2175 5126 mulieres
2248 5051 2615 5141 Lamech,
2675 5051 3081 5125 intuemini
3138 5051 3373 5126 verba
3430 5071 3637 5138 mea3
3708 5049 4067 5145 quoniam

1195 5180 1442 5256 virum
1503 5178 1740 5253 occidi
1801 5178 1882 5251 in
1946 5177 2260 5253 vulnere
2315 5178 2544 5251 mihi:
2588 5180 2667 5252 et
2730 5178 3084 5253 iuvenem
3140 5176 3220 5249 in
3276 5167 3572 5251 livore⁶
3626 5196 3820 5250 meo,
3881 5197 4068 5270 quo-

1359 5485 1376 5519 ¹
1408 5476 1631 5538 Matth.
1672 5478 1749 5556 V,
1792 5477 1849 5537 4.
1878 5510 1960 5522 —
1987 5484 2007 5517 ²
2037 5476 2154 5538 Ve’
2200 5508 2268 5523 --
2313 5484 2337 5517 ⁸
2359 5476 2589 5557 Matth.
2632 5477 2887 5557 XXIII,
2916 5477 2995 5539 35
3033 5512 3095 5522 -
3144 5484 3166 5516 ⁴
3196 5480 3528 5557 conspecta
3567 5494 3643 5537 ea
3680 5508 3762 5521 —
3787 5481 3812 5516 ⁸
3844 5472 4071 5537 Genea.

1070 5601 1079 5614 ι
1195 5575 1310 5653 IV,
1351 5576 1431 5636 23
1471 5611 1551 5623 --
1592 5584 1616 5618 ο
1641 5575 1857 5637 nbore.
