4642 6650
1228 768 1321 833 88
1903 753 1912 758 ’
2211 787 2264 833 s.
2312 786 2574 832 savum
2618 787 3112 832 unumunurm

1391 1001 1864 1076 Ieiuniorum
1919 1002 2120 1075 enim
2176 1003 2645 1076 consuetudo
2690 1003 2814 1077 hic
2850 1002 3029 1076 talis
3067 1005 3185 1075 est
3220 1001 3300 1075 in
3339 1000 3960 1097 quadragesimis,
4000 1005 4096 1075 ut

1233 1129 1366 1203 alii
1419 1127 2059 1223 quemadmodum
2097 1127 2731 1202 manducaverint
2768 1127 3143 1201 dominica
3180 1126 3300 1200 die
3335 1130 3510 1221 post
3547 1126 3799 1216 missa,
3839 1126 3917 1199 id
3974 1130 4093 1201 est

1230 1254 1423 1329 hora
1480 1252 1750 1347 quinta
1807 1251 1930 1325 vel
1991 1252 2125 1345 vj‘,
2206 1252 2360 1324 iam
2430 1274 2584 1325 non
2659 1252 3121 1326 manducent
3190 1274 3325 1345 per
3394 1254 3568 1324 tota
3643 1254 4091 1345 septimana,

1230 1376 1377 1450 nisi
1431 1376 1751 1449 sabbato
1809 1373 2164 1449 veniente
2220 1379 2392 1469 post
2446 1375 2676 1449 missa
2731 1374 3150 1463 Anastasis,
3209 1373 3290 1448 hi
3343 1375 3476 1469 qui
3529 1374 3826 1448 faciunt
3862 1376 4089 1450 ebdo-

1230 1499 1521 1573 madas.
1582 1497 1920 1571 Sabbato
1976 1501 2239 1572 autem
2295 1498 2498 1593 quod
2554 1498 3182 1574 manducaverint
3235 1520 3481 1589 mane,
3541 1500 3695 1571 iam
3747 1519 3888 1574 nec
3923 1521 4090 1574 sera

1233 1622 1725 1712 manducant,
1782 1620 1913 1694 sed
1970 1621 2068 1694 ad
2124 1622 2356 1694 aliam
2415 1623 2638 1711 diem,
2695 1623 2773 1695 id
2827 1626 2945 1696 est
2999 1622 3396 1710 dominica,
3471 1621 3852 1716 prandent
3921 1627 4100 1717 post

1234 1747 1466 1819 missa
1520 1746 1877 1819 ecclesiae
1934 1768 2068 1818 ora
2105 1746 2377 1841 quinta
2412 1745 2537 1819 vel
2574 1746 2745 1841 plus
2766 1766 2785 1834 ;
2828 1750 2907 1820 et
2946 1748 3209 1840 postea
3246 1746 3400 1817 iam
3436 1766 3590 1818 non
3639 1745 4101 1820 manducent

1236 1869 1384 1942 nisi
1440 1870 1760 1943 sabbato
1815 1869 2193 1961 veniente,
2251 1870 2452 1943 sicut
2505 1870 2848 1965 superius
2903 1869 3082 1943 dixi.
3142 1868 3624 1943 Consuetudo
3705 1870 3907 1945 enim
3979 1870 4101 1942 hic

1239 1992 1418 2065 talis
1473 1994 1631 2066 est:
1691 2013 1974 2080 omnes,
2033 1993 2164 2087 qui
2220 1997 2424 2083 sunt,
2502 1996 2592 2066 ut
2664 1993 2788 2067 hic
2860 1993 3146 2082 dicunt,
3212 1994 3695 2089 aputactites,
3759 1993 3908 2068 viri
3973 1993 4099 2067 vel

1239 2114 1594 2203 feminae,
1652 2137 1807 2188 non
1861 2117 2106 2189 solum
2163 2115 2428 2189 diebus
2484 2116 3260 2211 quadragesimarum,
3318 2116 3448 2190 sed
3502 2120 3584 2190 et
3634 2119 3804 2190 toto
3870 2138 4094 2208 ann0,

1240 2245 1531 2337 quando
1584 2240 2072 2330 manducant,
2131 2241 2363 2314 semel
2416 2240 2496 2312 in
2555 2241 2676 2315 die
2731 2241 3236 2316 manducant:
3295 2243 3360 2314 si
3415 2241 3547 2336 qui
3603 2244 3864 2315 autem
3918 2245 4102 2315 sunt

1240 2364 1334 2439 de
1387 2363 1569 2457 ipsis
1624 2365 2110 2463 aputactites,
2170 2366 2303 2458 qui
2356 2385 2512 2436 non
2575 2369 2894 2459 possunt
2938 2364 3183 2439 facere
3247 2366 3584 2459 integras
3639 2365 4099 2459 septimanas

1238 2490 1723 2581 ieiuniorum,
1754 2489 1953 2562 sicut
1988 2489 2337 2582 superius
2376 2489 2727 2580 diximus,
2759 2491 2837 2562 in
2875 2491 3062 2564 totis
3092 2490 3709 2585 quadragesimiS,
3741 2491 3819 2561 in
3859 2488 4103 2562 medio

1243 2613 1516 2708 quinta
1570 2611 1765 2687 feria
1820 2616 2137 2686 cenant:
2195 2610 2328 2706 qui
2366 2615 2631 2686 autem
2667 2635 2805 2687 nec
2842 2613 2984 2687 hoc
3019 2617 3297 2708 potest,
3338 2612 3710 2685 biduanas
3748 2612 3933 2686 facit
3970 2632 4107 2707 per

1242 2738 1451 2809 totas
1505 2735 2162 2830 quadragesimas:
2205 2736 2338 2830 qui
2374 2738 2636 2809 autem
2672 2758 2812 2811 nec
2849 2736 3090 2832 ipsud,
3131 2737 3224 2811 de
3260 2759 3432 2812 sera
3469 2736 3565 2808 ad
3603 2757 3851 2809 seram
3887 2755 4103 2806 man-

1245 2859 1552 2934 ducant.
1610 2859 1853 2934 Nemo
1910 2863 2173 2933 autem
2229 2860 2491 2955 exigit,
2550 2855 2928 2955 quantum
2984 2861 3258 2935 debeat
3319 2861 3592 2949 facere,
3666 2858 3798 2933 sed
3877 2880 4102 2931 unus·

1246 2986 1569 3080 quisque
1625 2987 1717 3057 ut
1772 2987 2027 3078 potest
2080 2984 2307 3058 facit:
2349 3006 2491 3058 nec
2525 2985 2656 3059 ille
2696 2986 3081 3077 laudatur,
3121 2984 3253 3079 qui
3290 2984 3766 3074 satisfecerit,
3802 3005 3941 3058 nec
3976 2982 4109 3056 ille

1246 3108 1755 3203 vituperatur,
1797 3109 1931 3202 qui
1967 3108 2244 3181 minus.
2286 3108 2491 3180 Talis
2533 3111 2652 3182 est
2689 3111 2892 3182 enim
2929 3109 3052 3183 hic
3088 3107 3580 3183 consuetudO.
3621 3108 3808 3181 Esca
3848 3110 4108 3181 autem

1247 3253 1512 3306 eorum
1566 3230 2314 3325 quadragesimarum
2373 3231 2636 3305 diebus
2693 3234 2878 3307 haec
2949 3234 3091 3322 est,
3169 3235 3260 3305 ut
3329 3254 3467 3306 nec
3539 3253 3835 3328 panem,
3908 3229 4111 3325 quod

1245 3345 1561 3429 librari¹
1620 3376 1773 3428 non
1828 3357 2106 3448 potest,
2154 3377 2291 3429 nec
2331 3356 2583 3429 oleum
2639 3359 2974 3450 gustent,
3031 3378 3172 3431 nec
3225 3355 3538 3451 aliquid,
3579 3354 3785 3450 quod
3840 3354 3932 3428 de
3988 3377 4112 3426 ar-

1247 3479 1559 3553 boribus
1614 3482 1759 3568 est,
1816 3478 1947 3552 sed
2021 3481 2333 3551 tantum
2406 3503 2608 3573 aqua
2682 3484 2764 3555 et
2815 3482 3233 3554 sorbitione
3288 3479 3575 3554 modica
3637 3478 3730 3553 de
3784 3478 4034 3552 farina
4051 3468 4106 3549 ².

1247 3604 1597 3677 Ieiunium
1622 3593 1651 3636 ⁸
1705 3602 2461 3698 quadragesimarum
2514 3604 2620 3678 sic
2674 3604 2787 3695 fit,
2848 3609 2937 3677 ut
2991 3603 3342 3676 diximus,

1349 3756 1360 3767 ·
1409 3726 1510 3799 Et
1564 3725 1939 3820 completo
1993 3747 2257 3799 earum
2312 3726 2910 3821 septimanarum
2971 3727 3296 3822 vigiliae,
3366 3729 3447 3800 in
3510 3728 3876 3801 Anastase
3930 3729 4118 3799 sunt

1251 3849 1346 3923 de
1397 3850 1588 3922 hora
1640 3848 2019 3923 lucernari
2073 3852 2291 3923 sexta
2345 3850 2559 3939 feria,
2617 3854 2902 3946 quando
2957 3851 3049 3924 de
3106 3850 3313 3947 Syon
3358 3851 3666 3926 venitur
3704 3871 3870 3924 cum
3912 3850 4117 3945 psal-

1252 3973 1394 4047 mis
1451 3993 1692 4067 usque
1747 3974 1829 4046 in
1883 3995 2106 4047 mane
2161 3975 2505 4064 sabbato,
2563 3979 2849 4069 quando
2905 3976 3191 4049 oblatio
3229 3974 3321 4049 fit
3355 3976 3437 4049 in
3474 3976 3860 4048 Anastase.
3918 3974 4117 4048 Item

1251 4096 1580 4170 secunda
1635 4097 2062 4191 septimana
2117 4101 2199 4171 et
2249 4101 2488 4172 tertia
2541 4102 2622 4173 et
2674 4105 2811 4194 ΠΨ
2866 4102 2948 4174 et
3002 4100 3275 4194 quinta
3339 4101 3419 4174 et
3484 4101 3701 4174 sexta
3767 4099 4119 4174 similiter

1254 4218 1474 4309 fiunt,
1531 4223 1622 4293 ut
1675 4221 1922 4315 prima
1979 4220 2072 4294 de
2126 4221 2742 4316 quadragesimis.
2785 4221 3123 4317 Septima
3178 4226 3439 4297 autem
3486 4223 3909 4316 septimana
3946 4245 4119 4298 cum

1253 4342 1576 4433 venerit,
1632 4342 1711 4414 id
1768 4345 1886 4416 est
1940 4343 2244 4437 quando
2298 4344 2454 4418 iam
2512 4345 2658 4419 due
2714 4348 3078 4441 superant
3116 4367 3288 4419 cum
3330 4347 3513 4440 ipsa,
3554 4348 3648 4419 ut
3681 4346 3958 4439 pascha
3995 4347 4120 4434 sit,

1421 4636 1440 4671 ¹
1473 4635 1626 4698 cod.
1667 4635 1939 4700 liberari.

1418 4731 1442 4768 ²
1469 4733 1606 4794 Hos
1648 4727 1721 4810 ξη
1734 4734 2036 4826 ροφάγους
2078 4732 2471 4812 christianos,
2514 4736 2619 4812 qui
2663 4736 2851 4797 etiam
2892 4735 3056 4798 inter
3094 4737 3439 4798 haereticos
3478 4736 3774 4798 recensiti
3814 4742 3975 4814 sunt,
4006 4755 4125 4797 me-

1260 4837 1461 4892 morat
1500 4829 1887 4909 Epiphanius
1932 4831 2167 4911 (adver.
2196 4832 2365 4895 haer.
2393 4852 2453 4894 n.
2480 4834 2726 4915 XXII),
2761 4842 2827 4896 et
2864 4835 2955 4896 10.
2988 4835 3473 4914 Chrysostomus
3504 4834 3727 4914 (Omel.
3755 4834 3850 4895 IV
3879 4833 3961 4894 ad
3984 4853 4124 4912 pop.

1260 4926 1596 5008 Antioch.),
1638 4926 1740 5005 qui
1782 4927 1936 4988 haec
1978 4928 2265 4990 tradidit:
2314 4953 2347 4988 α
2371 4930 2456 4991 Et
2483 4931 2645 4992 sicut
2677 4930 2926 5009 quidam
2952 4939 3095 4993 sunt
3122 4934 3288 4995 inter
3327 4953 3398 4994 se
3439 4932 3712 4993 ciborum
3752 4930 4127 4992 abstinentia

1261 5025 1663 5102 aemulanteS,
1709 5030 1773 5084 et
1812 5025 2158 5087 mirabilem
2218 5028 2674 5090 contentionem
2735 5028 3056 5107 facienteS‚
3109 5037 3174 5090 et
3211 5028 3278 5089 hi
3319 5029 3568 5107 quidem
3627 5029 3908 5106 integros
3970 5027 4127 5088 duos

1263 5124 1400 5186 dies
1439 5122 1810 5201 transigunt,
1851 5122 1914 5182 hi
1978 5143 2126 5185 vero
2188 5145 2309 5184 non
2370 5126 2501 5186 vini
2542 5132 2779 5187 tantum
2822 5134 2888 5188 et
2927 5128 3069 5204 olei,
3113 5124 3226 5188 sed
3268 5135 3333 5188 et
3375 5127 3572 5188 omnis
3612 5125 3831 5188 ferculi
3871 5146 4052 5187 usum
4091 5145 4130 5186 a

1261 5243 1375 5285 sua
1413 5242 1631 5283 mensa
1670 5222 2046 5297 reficienteS,
2088 5242 2246 5300 pane
2290 5230 2356 5284 et
2396 5244 2556 5301 aqua
2593 5232 2844 5286 utentes
2907 5225 3246 5301 dumtaxat,
3298 5222 3831 5301 quadragesimam
3886 5242 4127 5284 omnem

1265 5320 1672 5398 expediunt.»
1721 5317 1949 5380 Confer
1987 5319 2435 5398 Hieronymum
2476 5320 2543 5381 in
2586 5321 2851 5400 epistola
2889 5322 2971 5382 ad
2990 5322 3436 5399 Nepotianum:
3473 5343 3505 5378 α
3527 5320 3937 5381 fortissimum
3962 5319 4130 5381 ieiu-

1262 5418 1432 5478 nium
1462 5423 1562 5477 est
1590 5436 1781 5493 aquae
1814 5422 1878 5476 et
1896 5417 2101 5495 panis
2128 5440 2157 5475 »
2194 5416 2288 5477 Of.
2321 5418 2509 5478 etiam
2538 5418 2600 5478 S.
2628 5419 3061 5496 Augustinum‚
3091 5426 3304 5480 contra
3329 5419 3647 5497 Faustum,
3676 5417 3716 5478 l.
3740 5418 3956 5495 XXX,
3978 5439 4030 5479 c.
4065 5418 4122 5478 ὅ.

1425 5512 1450 5549 ³
1476 5512 1617 5576 Vox
1655 5518 1954 5574 ieiunium
1993 5514 2071 5574 ab
2112 5514 2454 5591 antiquario
2499 5515 2744 5576 omissa.
