4642 6650
1512 743 1601 788 An
1645 741 1818 788 noca
1862 740 2117 789 sano-u
2160 744 2271 789 m.
2318 749 2516 792 asu-ass
2754 795 2759 798 ,
3323 725 3449 792 103

584 962 1064 1061 Martyrium.
1124 962 1310 1037 Cum
1369 964 1633 1037 autem
1683 962 2127 1057 pervenitur
2182 961 2281 1036 ad
2335 965 2638 1059 portam
2693 961 3053 1052 civitatis,
3102 960 3255 1035 iam
3295 984 3450 1037 nox
3508 1061 3527 1074 ἢ

587 1091 726 1179 est,
784 1091 866 1163 et
920 1092 1321 1164 occurrent
1374 1086 1732 1163 candelae
1786 1086 2335 1162 ecclesiasticae
2392 1088 2514 1162 vel
2554 1087 2927 1162 ducentae
2966 1090 3276 1182 propter
3312 1109 3447 1184 po·

585 1213 804 1309 pulo:
864 1213 956 1287 de
1010 1216 1235 1310 porta
1289 1217 1575 1306 autem,
1632 1213 1993 1309 quoniam
2049 1211 2235 1284 satis
2289 1214 2410 1286 est
2462 1232 2702 1307 usque
2757 1211 2855 1284 ad
2909 1210 3221 1286 ecclesia
3285 1234 3447 1285 ma-

585 1337 768 1427 iore,
824 1336 903 1426 id
959 1341 1076 1413 est
1130 1337 1229 1411 ad
1282 1336 1764 1433 Martyrium,
1837 1356 2065 1431 porro
2136 1336 2331 1410 hora
2402 1335 2647 1434 noctis
2719 1333 3043 1410 forsitan
3112 1334 3443 1411 secunda

583 1460 1066 1557 pervenitur3
1124 1461 1305 1558 quia
1359 1461 1566 1536 lente
1622 1464 1705 1533 et
1757 1460 1965 1533 lente
2021 1459 2188 1542 itur⁴
2234 1461 2493 1533 totum
2547 1481 2684 1554 pro
2740 1460 3054 1554 populo,
3109 1480 3207 1533 ne
3260 1458 3441 1532 fati-

584 1588 865 1679 gentur
918 1585 1259 1681 pedibus.
1317 1585 1419 1659 Et
1470 1585 1757 1680 apertis
1810 1584 2057 1659 balvis
2113 1583 2554 1674 maioribus,
2612 1604 2809 1679 quae
2865 1586 3049 1657 sunt
3096 1583 3188 1658 de
3226 1584 3448 1678 quin-

584 1712 772 1783 tana
826 1713 1046 1806 parte
1076 1703 1124 1801 ¹,
1183 1710 1426 1784 omnis
1480 1709 1805 1805 populus
1858 1708 2104 1782 intrat
2167 1708 2249 1781 in
2303 1699 2767 1804 Martyrium
2821 1729 2993 1782 cum
3049 1708 3301 1804 ymnis
3368 1709 3450 1782 et

583 1830 950 1926 episcopo.
1007 1830 1335 1926 Ingressi
1389 1833 1649 1906 autem
1702 1831 1783 1904 in
1838 1832 2149 1907 ecclesia
2220 1832 2582 1905 dicuntur
2648 1832 2905 1928 ymni:
2980 1831 3071 1905 fit
3144 1832 3444 1905 oratio:

582 1954 1137 2030 benedicuntur
1190 1956 1718 2046 cathecumini,
1775 1958 1880 2032 sic
1933 1957 2230 2032 fideles:
2289 1961 2370 2032 et
2422 1957 2601 2031 inde
2656 1956 2904 2031 denuo
2960 1978 3136 2031 cum
3194 1955 3448 2052 ymnis

584 2079 743 2153 itur
796 2080 894 2153 ad
946 2078 1345 2154 Anastase.
1404 2079 1769 2156 Similiter
1823 2083 1922 2155 ad
1976 2082 2351 2156 Anastase
2404 2104 2576 2156 cum
2630 2083 2953 2156 ventum
3008 2079 3269 2171 fuerit,
3327 2078 3438 2151 di-

583 2206 864 2281 cuntur
914 2205 1129 2302 ymni
1182 2227 1316 2279 seu
1370 2205 1878 2301 antiphonae:
1936 2205 2028 2280 fit
2092 2208 2382 2280 oratio:
2459 2201 3016 2280 benedicuntur
3089 2205 3444 2278 cathecu-

584 2328 795 2418 mini,
851 2329 958 2403 sic
1011 2329 1310 2404 fideles:
1368 2330 1722 2403 similiter
1774 2329 1909 2405 fiet
1963 2330 2058 2403 ad
2116 2329 2454 2405 Crucem.
2512 2330 2779 2404 Denuo
2816 2330 2993 2403 inde
3030 2327 3275 2402 omnis
3314 2349 3444 2423 po-

582 2455 808 2550 pulus
863 2453 1320 2528 christianus
1377 2476 1615 2550 usque
1669 2455 1768 2528 ad
1821 2479 2061 2529 unum
2117 2478 2288 2530 cum
2343 2455 2593 2552 ymnis
2651 2454 2942 2529 ducunt
3012 2453 3445 2550 episcopum

589 2599 823 2673 usque
882 2578 981 2652 ad
1038 2577 1267 2675 Syon.
1305 2579 1454 2653 Ubi
1491 2601 1665 2654 cum
1701 2583 2023 2655 ventum
2059 2580 2316 2671 fuerit,
2358 2581 2722 2675 leguntur
2768 2580 3135 2654 lectiones
3173 2581 3441 2673 aptae:

585 2703 948 2777 dicuntur
1002 2703 1277 2800 psalmi
1329 2704 1451 2779 vel
1508 2704 2013 2800 antiphonae:
2072 2703 2162 2778 fit
2216 2705 2504 2778 oratio:
2561 2704 3118 2779 benedicuntur
3190 2703 3445 2778 cathe-

588 2827 894 2919 cumini‚
953 2831 1033 2904 et
1088 2828 1194 2904 sic
1245 2827 1529 2918 fideles,
1587 2831 1669 2903 et
1720 2828 1813 2903 fit
1863 2829 2118 2903 missa.
2174 2828 2406 2902 Missa
2478 2831 2740 2903 autem
2814 2828 3022 2902 facta
3076 2827 3451 2902 accedunt

583 2974 843 3027 omnes
898 2952 996 3026 ad
1031 2975 1361 3026 -manum
1436 2952 1786 3050 episcopi,
1862 2956 1943 3029 et
2016 2954 2123 3027 sic
2194 2956 2691 3028 revertuntur
2764 2953 3278 3048 unusquisque
3352 2951 3449 3026 ad

584 3075 897 3150 domum
949 3098 1170 3151 suam
1222 3076 1412 3150 hora
1464 3078 1709 3152 noctis
1764 3077 2088 3151 forsitan
2143 3076 2418 3151 media.
2493 3076 2604 3152 Ac
2677 3078 2784 3151 sic
2837 3098 3017 3172 ergo
3072 3077 3450 3150 maximus

583 3200 802 3274 labor
855 3201 936 3273 in
991 3223 1084 3276 ea
1137 3200 1259 3276 die
1313 3202 1717 3276 suffertur:
1776 3202 2141 3297 quoniam
2197 3201 2288 3276 de
2341 3202 2553 3297 pullo
2601 3201 2845 3297 primo
2882 3200 3290 3296 vigilatum
3331 3204 3451 3276 est

584 3323 681 3399 ad
734 3323 1135 3417 Anastase,
1192 3328 1273 3401 et
1325 3325 1501 3400 inde
1554 3348 1690 3422 per
1742 3328 1915 3400 tota
1969 3324 2092 3400 die
2129 3348 2553 3421 numquam
2590 3329 2966 3400 cessatum
3006 3329 3165 3414 est;
3218 3329 3299 3401 et
3337 3324 3447 3399 sic

584 3450 861 3540 omnia.
918 3470 1116 3545 quae
1149 3450 1633 3525 celebrantur
1668 3450 2248 3546 protrahuntur,
2287 3452 2381 3522 ut
2415 3455 2640 3525 nocte
2680 3450 2931 3524 media
2968 3453 3143 3545 post
3186 3451 3444 3539 missa,

583 3594 780 3670 quae
817 3572 1023 3649 facta
1059 3574 1298 3649 fuerit
1333 3574 1414 3647 in
1452 3573 1684 3671 Syon,
1724 3597 1986 3650 omnes
2025 3575 2123 3648 ad
2161 3574 2423 3648 domos
2462 3597 2638 3648 suas
2676 3578 3199 3651 revertuntur.

742 3699 907 3773 Iam
937 3702 1200 3774 autem
1237 3699 1330 3774 de
1367 3699 1522 3774 alia
1558 3699 1679 3775 die
1708 3698 2509 3797 quinquagesimamm
2540 3720 2799 3776 omnes
2834 3701 3189 3776 ieiunant
3226 3701 3448 3776 iuxta

580 3823 1207 3900 consuetudinem
1260 3823 1459 3898 sicut
1509 3826 1680 3899 toto
1737 3846 1963 3916 anno,
2005 3824 2302 3921 quisque
2336 3827 2569 3920 prout
2611 3827 2890 3921 potest,
2951 3828 3267 3920 excepta
3323 3825 3448 3901 die

579 3948 883 4022 sabbati
911 3951 993 4023 et
1020 3947 1420 4038 dominica,
1451 3971 1605 4044 qua
1631 3971 2051 4045 numquam
2085 3948 2477 4024 ieiunatur
2514 3948 2595 4022 in
2631 3950 2924 4023 hisdem
2951 3949 3158 4024 locis.
3192 3950 3449 4025 Etiam

577 4072 1065 4169 postmodum
1118 4072 1388 4147 ceteris
1443 4072 1707 4148 diebus
1759 4073 1876 4146 ita
1929 4073 2232 4169 singula
2284 4077 2626 4169 aguntur
2679 4077 2772 4148 ut
2824 4077 2996 4148 toto
3054 4095 3299 4163 anno;
3365 4075 3447 4148 id

580 4200 699 4272 est
750 4216 1049 4290 semper
1101 4197 1198 4272 de
1250 4197 1461 4293 pullo
1516 4196 1760 4291 primo
1815 4197 1916 4269 ad
1967 4195 2345 4271 Anastase
2401 4198 2786 4292 vigiletur.
2826 4197 3028 4272 Nam
3085 4200 3148 4272 si
3204 4199 3443 4273 domi-

578 4322 752 4396 nica
807 4321 967 4396 dies
1021 4324 1162 4412 est,
1218 4321 1551 4417 primum
1601 4321 1810 4417 leget
1860 4321 1952 4394 de
2004 4320 2214 4416 pullo
2252 4321 2496 4415 primo
2534 4321 2923 4417 episcopus
2961 4322 3443 4417 evangelium

579 4446 801 4520 iuxta
854 4445 1483 4521 consuetudinem
1538 4446 1744 4518 intro
1790 4444 2167 4520 Anastase
2204 4446 2458 4520 locum
2494 4445 3070 4522 resurrectionis
3108 4446 3440 4536 Domini,

581 4572 716 4669 qui
766 4592 1061 4667 semper
1095 4570 1475 4645 dominica
1508 4570 1633 4646 die
1673 4569 1959 4665 legitur
1982 4560 2049 4643 ²:
2108 4572 2190 4644 et
2242 4570 2730 4666 postmodum
2783 4569 3000 4667 ymni
3054 4591 3189 4645 seu
3241 4570 3444 4644 anti·

745 4872 764 4909 ²
790 4874 992 4947 Quum
1033 4873 1258 4935 atrium
1284 4879 1426 4936 ante
1465 4872 1756 4952 Martyrii
1802 4872 2122 4935 basilicam
2174 4873 2407 4952 duplici
2463 4873 2676 4935 ordine
2728 4874 3075 4954 porticuum
3113 4878 3448 4954 constaret,

583 4971 690 5032 via
728 4971 974 5051 publica
1012 4969 1299 5032 adiacens
1337 4970 1521 5032 lateri
1563 4971 1703 5032 atrii
1731 4978 1797 5033 et
1836 4971 2128 5033 basilicae
2170 4972 2600 5052 appellabatur
2639 4972 2935 5049 quintana
2974 4971 3055 5033 ad
3094 4971 3448 5033 similitudi-

576 5089 720 5131 nem
767 5068 1141 5148 platearum:
1183 5087 1325 5129 nam
1363 5067 1663 5148 Isidorus,
1703 5068 1873 5147 Orig.
1913 5070 1955 5130 l.
1998 5070 2142 5148 XV,
2184 5090 2237 5131 c.
2276 5072 2336 5148 2,
2377 5070 2531 5132 haec
2584 5070 2831 5132 scribit:
2877 5092 2910 5127 ‹
2933 5069 3247 5142 Quintana
3301 5091 3448 5149 pars

577 5167 823 5246 plateae
852 5165 1065 5244 quinta
1091 5171 1220 5226 est:
1262 5185 1384 5243 qua
1418 5173 1774 5245 carpentum
1812 5164 2105 5245 progredi
2143 5172 2355 5246 potest
2378 5190 2433 5226 ».
2459 5165 2689 5228 Portae
2731 5166 3052 5245 ecclesiae,
3093 5187 3250 5246 quae
3289 5167 3446 5230 hanc

580 5263 746 5325 viam
784 5262 1264 5344 prospiciebant,
1305 5265 1531 5344 populo
1572 5265 1799 5326 devote
1841 5265 2196 5328 advenienti
2237 5265 2688 5346 aperiebantur.

737 5360 762 5396 ²
789 5360 1147 5423 Traditione
1174 5361 1450 5442 profecto
1491 5363 1831 5442 apostolica
1869 5363 2191 5425 christiani
2228 5365 2393 5426 diem
2434 5363 2799 5426 dominicum
2838 5384 3138 5445 peragere
3178 5385 3448 5428 consue-

578 5467 823 5538 verunt,
866 5468 1411 5523 commemorantes
1450 5462 1961 5524 resurrectionem
1999 5462 2268 5523 Domini.
2313 5462 2375 5524 S.
2402 5464 2606 5541 Ignat.
2643 5462 2846 5541 Epist.
2888 5454 2968 5524 ad
3007 5464 3445 5541 Magnesianos

575 5555 799 5620 tradit:
866 5579 899 5614 ‹
921 5556 1309 5619 Dominicum
1371 5556 1534 5619 diem
1591 5558 1786 5619 omnis
1836 5577 2045 5620 amans
2097 5557 2331 5620 Christi
2387 5558 2616 5621 festum
2668 5559 2954 5636 celebret,
3011 5559 3177 5622 diem
3225 5580 3444 5623 resur-
