4642 6650
1671 809 1778 862 611,
1807 808 1997 857 »oms
2042 809 2316 857 6160116
3302 790 3427 858 139

554 1032 767 1107 Mare
821 1033 1087 1106 autem
1139 1030 1456 1105 rubrum
1512 1052 1667 1105 non
1722 1030 1866 1106 1100
1902 1030 2140 1105 habet
2176 1051 2477 1121 nomen,
2525 1030 2709 1126 quia
2762 1031 3000 1110 rubra
3054 1033 3173 1110 661
3225 1055 3429 1131 aqua

557 1160 696 1231 aut
750 1156 1225 1246 turbulenta,
1282 1155 1415 1232 sed
1489 1155 1680 1231 adeo
1735 1159 1858 1232 est
1911 1155 2270 1252 limpidus
2349 1159 2430 1231 et
2490 1156 2890 1253 prelustris
2946 1159 3027 1234 et
3080 1156 3428 1254 frigidm,

557 1302 646 1355 ac
698 1279 764 1355 si
818 1302 1029 1354 mare
1084 1301 1495 1355 oceanum:
1551 1280 1660 1353 ibi
1696 1279 2020 1354 elecesse
2059 1279 2231 1352 miri
2270 1280 2560 1376 saporis
2615 1282 2699 1354 et
2751 1281 3165 1360 suavitatis
3219 1285 3426 1357 sunt.

558 1404 794 1478 Omne
848 1406 1111 1494 autem
1166 1425 1405 1499 genus
1461 1402 1778 1500 piscium
1820 1404 1895 1476 in
1938 1402 2202 1479 eodem
2238 1426 2450 1479 mare
2487 1406 2670 1477 sunt
2706 1404 2910 1478 tanti
2965 1405 3278 1501 saporis,
3336 1409 3431 1481 ut

556 1529 795 1625 pisces
848 1529 1082 1602 maris
1108 1527 1350 1603 italici
1383 1520 1429 1602 ¹.
1470 1529 1760 1603 Deinde
1798 1529 2078 1618 omnia,
2119 1551 2616 1624 quaecunque
2654 1529 2747 1604 de
2787 1530 2981 1604 mari
3018 1530 3429 1606 desiderari

557 1655 829 1745 solent,
885 1654 1042 1729 illic
1096 1654 1195 1729 ad
1250 1655 1499 1730 cibum
1556 1654 2033 1730 habundant.
2090 1653 2209 1727 Ibi
2260 1657 2443 1728 sunt
2496 1653 2857 1730 buccinae
2914 1660 2995 1730 et
3047 1655 3429 1753 conchylii

558 1778 860 1854 diversa
911 1801 1217 1875 genera,
1273 1778 1543 1853 fondili
1597 1800 1780 1854 vero
1819 1781 1899 1853 et
1935 1778 2283 1853 concleae
2320 1778 2668 1854 diversae
2724 1782 2805 1853 61
2857 1779 3231 1875 ingenteS,
3289 1801 3427 1877 per

554 1903 744 1979 litus
797 1907 1060 1979 autem
1113 1904 1276 1980 eius
1332 1904 1679 1979 diversae
1751 1926 1871 1979 res
1925 1906 2200 1997 iacent,
2257 1901 2387 1978 sed
2442 1904 2765 1979 maiores
2819 1908 2901 1979 et
2955 1904 3424 2001 pulchriores

557 2052 790 2124 quam
843 2029 923 2103 in
977 2029 1191 2106 nullo
1267 2030 1487 2104 mari.
1544 2030 1931 2105 Corallum
1985 2052 2168 2105 vero
2224 2028 2305 2104 in
2360 2030 2625 2105 eodem
2681 2030 2948 2106 littore
3012 2031 3429 2128 plurimum

557 2156 714 2229 est:
772 2154 932 2252 ipse
986 2159 1250 2232 autem
1306 2178 1515 2230 mare
1567 2156 1888 2229 rubrum
1949 2179 2118 2252 pars
2176 2156 2442 2232 oceani
2496 2163 2638 2231 est.

722 2281 1130 2357 Desertum
1183 2302 1363 2356 vero
1422 2279 1567 2354 Sur
1620 2280 2139 2355 116166166661
2175 2280 2520 2356 infinitae
2556 2281 3131 2377 magnitudinis,
3188 2305 3427 2378 quan-⁶

555 2410 727 2481 tum
780 2408 1037 2503 potest
1089 2405 1317 2480 homo
1372 2405 1823 2503 conspicere,
1862 2409 1943 2480 et
1980 2428 2214 2481 arena
2250 2405 2687 2481 solitudinis
2727 2407 2935 2480 illius
2990 2408 3429 2484 inaestima-

557 2531 755 2622 bilis,
813 2531 942 2605 ubi
1000 2530 1259 2605 triduo
1298 2531 1891 2607 ambulaverunt
1944 2531 2106 2606 sine
2161 2556 2366 2628 aqua
2403 2523 2453 2606 ².
2513 2531 2581 2606 A
2621 2532 2918 2608 deserto
2975 2536 3237 2609 autem
3284 2532 3433 2609 Sur

556 2678 797 2753 usque
850 2655 949 2731 ad
1003 2655 1272 2730 Maran
1324 2660 1445 2731 661,
1482 2658 1774 2730 mansio
1815 2681 1969 2731 una
2008 2679 2139 2753 per
2177 2658 2421 2753 ripam
2461 2659 2718 2733 616116.
2775 2658 2866 2732 Ι6
2920 2658 3191 2733 Μ6166
3246 2681 3431 2735 vero

558 2784 864 2858 arbores
918 2781 1346 2879 palmarum
1402 2781 1838 2879 paucissimi
1884 2785 2109 2856 sunt:
2148 2786 2333 2857 sunt
2371 2782 2529 2857 11110·
2564 2786 2644 2858 61
2701 2784 2853 2858 (160
2907 2784 3181 2874 106166,
3240 2807 3430 2882 6606

558 2905 982 2982 indulcavit
1036 2908 1345 2981 sanctus
1402 2906 1697 3002 Moyses
1725 2896 1775 2979 ³.
1833 2905 2020 2980 Inde
2075 2909 2341 2980 autem
2378 2928 2514 3004 per
2566 2907 2914 2983 triduum
2971 2909 3063 2984 de
3118 2910 3431 2984 sinistro

558 3033 911 3107 heremus
965 3034 1082 3106 661
1119 3030 1464 3106 infinitus
1505 3054 1742 3128 usque
1779 3032 1858 3105 in
1896 3032 2173 3123 locum,
2214 3034 2346 3129 qui
2385 3033 2666 3109 dicitur
2702 3035 3142 3110 Arandara:
3182 3034 3427 3109 Aran-

560 3158 747 3233 dara
782 3160 1046 3233 661616
1084 3161 1203 3233 661
1238 3156 1475 3249 10066,
1514 3158 1645 3253 661
1684 3158 2118 3253 abpellatus
2155 3163 2275 3233 est
2310 3159 2563 3234 Helim
2590 3150 2643 3233 ⁴¹.
2683 3159 2801 3234 Ibi
2846 3160 3125 3235 fluvius
3162 3139 3430 3252 currit,
3516 3209 3521 3216 »

561 3284 692 3393 661
747 3286 1008 3359 tamen
1063 3286 1409 3381 tempore
1481 3284 1739 3380 aliquo
1814 3285 2169 3374 siccatur,
2226 3284 2358 3361 sed
2413 3307 2547 3382 per
2576 3284 2838 3382 nipsius
2894 3285 3200 3362 alveum
3270 3286 3433 3363 sive

723 3577 741 3614 ¹
781 3578 905 3641 His
943 3579 1500 3658 comparationibus
1558 3578 1822 3659 patriam
1882 3600 2058 3642 suam
2117 3580 2428 3661 respicere
2489 3581 2739 3645 videtur
2791 3582 3210 3662 Aquitaniam,
3267 3583 3433 3647 inter

561 3698 854 3739 oceanum
893 3679 1161 3759 positam
1203 3686 1270 3740 et
1308 3699 1475 3740 mare
1516 3678 1809 3741 italicum.

720 3776 743 3812 ²
785 3776 980 3839 Exod.
1022 3798 1074 3839 0.
1117 3777 1262 3851 XV,
1305 3781 1403 3856 21,
1445 3780 1562 3837 22:
1611 3800 1643 3837 ς
1686 3778 1946 3857 Egressi
1986 3787 2131 3841 sunt
2170 3780 2234 3841 16
2275 3780 2594 3843 desertum
2635 3780 2783 3842 Sur:
2835 3781 3428 3860 ambulaveruntque

557 3874 762 3937 tribus
801 3875 1022 3937 diebus
1065 3896 1177 3956 per
1216 3875 1632 3951 solitudinem,
1676 3883 1740 3937 et
1781 3897 1903 3938 non
1944 3876 2345 3939 inveniebant
2386 3898 2622 3957 aquam.
2658 3878 2744 3939 Et
2782 3887 3088 3940 venerunt
3127 3877 3195 3940 in
3233 3879 3428 3957 Mara,

559 3992 672 4033 nec
711 3980 958 4052 poterat
985 3973 1199 4034 bibere
1238 3993 1459 4052 aquam
1499 3972 1577 4034 de
1618 3973 1809 4034 Mara.
1855 3998 1887 4033 ›
1932 3975 2267 4037 Desertum
2307 3975 2429 4037 Sur
2484 3975 2665 4038 valde
2723 3976 3172 4038 extendebatur
3211 3997 3249 4038 a
3289 3976 3429 4040 sinu

561 4068 898 4147 Clysmatis
939 4070 1043 4132 vel
1083 4069 1240 4132 Suez
1282 4078 1496 4131 contra
1537 4071 1859 4150 orientem,
1901 4072 2086 4151 idque
2126 4075 2425 4153 probatur
2462 4073 2647 4154 paulo
2688 4072 2951 4136 inferius
2975 4094 3014 4136 a
3050 4071 3426 4153 Peregrina:

563 4191 595 4226 ‹
639 4176 706 4229 et
743 4166 1013 4229 transitu
1055 4169 1244 4230 maris
1286 4168 1476 4245 rubri,
1519 4170 1587 4230 id
1629 4177 1730 4232 est
1773 4171 1895 4232 Sur
1937 4195 1991 4232 ›.

720 4265 745 4302 ³
786 4265 1029 4328 Mansio
1071 4267 1307 4343 Marau,
1348 4266 1858 4345 quemadmodum
1900 4269 2242 4349 Peregrina
2266 4271 2449 4333 nobis
2491 4270 2764 4333 indicare
2792 4271 3060 4348 videtur,
3102 4270 3433 4333 statuenda

561 4370 659 4424 est
698 4364 777 4426 ad
818 4365 1006 4445 Ayun
1048 4366 1253 4437 Μᾶεα,
1299 4364 1380 4426 ad
1421 4365 1627 4427 fontes
1666 4366 1930 4445 Moysis.
1963 4368 2125 4430 Hinc
2167 4369 2330 4431 enim
2373 4369 2452 4430 ad
2492 4369 2694 4431 locum
2722 4372 3083 4445 Arandara,
3111 4389 3275 4431 nunc
3307 4368 3431 4431 Ga·

558 4464 1011 4541 randel‘prope
1050 4470 1323 4524 montem
1363 4465 1690 4541 Hamman,
1731 4464 1873 4541 iter,
1915 4466 2077 4545 quod
2121 4467 2531 4546 quadraginta
2558 4475 2624 4529 et
2650 4468 2916 4547 quinque
2939 4467 3246 4529 milliariis
3287 4487 3427 4546 geo-

561 4559 870 4637 graphicis
912 4566 1174 4638 constat,
1215 4560 1424 4622 triduo
1464 4581 1580 4640 per
1619 4562 1934 4624 heremum
1974 4566 2237 4644 peregit.
2280 4566 2361 4626 In
2405 4567 2585 4645 Ayun
2632 4569 2823 4628 Μᾶεα
2884 4585 3114 4645 paucas
3176 4566 3433 4628 arbores

559 4656 898 4735 palmarum
959 4657 1146 4720 etiam
1206 4658 1527 4721 Robinson
1591 4660 1781 4740 (Bibl.
1842 4662 2099 4725 Resear.
2161 4664 2215 4741 I,
2276 4684 2336 4742 p.
2401 4666 2503 4745 62)
2561 4665 2760 4726 vidit:
2818 4665 3045 4743 Monge
3105 4672 3435 4744 praeterea

564 4757 898 4839 (Descript.
941 4758 1020 4820 de
1061 4759 1357 4840 l'Egypte
1398 4761 1453 4837 I,
1495 4781 1554 4843 p.
1583 4763 1728 4843 409)
1761 4761 2177 4839 aquaeductus
2217 4762 2485 4841 vestigia
2513 4783 2920 4841 vasorumque
2947 4762 3229 4823 fictilium
3270 4761 3430 4841 frag·

562 4862 769 4917 menta
804 4857 1094 4937 inspexit,
1136 4878 1292 4936 quae
1334 4859 1537 4920 omnia
1563 4859 1939 4921 mansionem
1970 4858 2279 4937 antiquam
2309 4859 2397 4920 ibi
2418 4858 2619 4922 fuisse
2661 4868 3006 4941 opportune
3047 4859 3429 4924 confirmant.

719 4955 746 4989 ⁴
785 4955 932 5017 Sine
973 4956 1159 5017 dubio
1199 4957 1522 5018 Arandara
1560 4956 1727 5020 idem
1769 4964 1882 5034 est,
1926 4978 1998 5019 60
2044 4959 2370 5020 Garandel
2411 4960 2527 5020 sub
2563 4966 2771 5021 monte
2813 4962 3128 5020 Hamman
3166 4963 3431 5021 F'araon

559 5051 812 5130 regione
853 5053 1196 5131 aquilonari
1236 5055 1543 5132 positum:
1574 5056 1733 5118 hanc
1755 5077 1924 5117 oram
1955 5057 2323 5118 maritimam
2351 5057 2528 5136 aquis
2557 5057 2999 5136 arboribusque
3038 5058 3264 5119 laetam
3292 5078 3429 5120 cum

560 5149 789 5226 Helim,
830 5150 936 5211 ubi
977 5158 1153 5212 erant
1194 5150 1520 5213 duodecim
1579 5151 1787 5215 fontes
1850 5174 2139 5232 aquarum
2202 5160 2267 5213 et
2328 5154 2724 5233 septuaginta
2783 5155 3033 5216 arbores
3087 5155 3432 5234 palmarum

563 5247 782 5326 (Exod.
824 5248 969 5327 XV,
999 5251 1125 5329 27),
1168 5270 1506 5327 congruere
1532 5252 1808 5313 nonnulli
1837 5252 2002 5313 docti
2031 5253 2304 5314 viatores
2333 5252 2602 5314 feliciter
2629 5260 3031 5332 agnoverunt,
3060 5260 3205 5315 ante
3246 5275 3432 5333 quam

559 5345 625 5406 id
665 5354 834 5407 certo
863 5347 1216 5409 testimonio
1246 5349 1621 5428 Peregrinae
1651 5350 2016 5412 firmaretur.
2047 5350 2210 5412 Item
2238 5350 2594 5413 Antoninus
2622 5371 2673 5412 c.
2696 5350 2853 5411 XLI
2880 5350 3106 5414 refert:
3134 5374 3166 5409 «ι
3190 5351 3431 5414 Exinde

561 5443 845 5507 venimus
885 5444 1242 5524 Magdolum
1292 5454 1358 5509 et
1385 5447 1613 5509 Sachot
1661 5448 1846 5529 (duae
1874 5450 2125 5528 ignotae
2166 5448 2517 5511 mansiones
2546 5448 2744 5511 fuisse
2774 5447 3063 5512 videntur
3088 5449 3152 5510 in
3180 5448 3431 5512 deserto

560 5541 788 5623 Faran)
833 5549 899 5605 et
938 5545 1018 5605 ad
1058 5545 1258 5608 locum
1296 5546 1402 5608 ubi
1444 5553 1589 5609 sunt
1617 5534 2014 5627 septuaginta
2053 5548 2313 5628 palmae.
2347 5592 2362 5608 .
2395 5594 2409 5609 .
2437 5594 2453 5609 .
2475 5593 2514 5629 .,
2556 5548 2620 5610 iu
2651 5569 2770 5627 quo
2809 5547 2944 5610 loco
2973 5556 3074 5611 est
3110 5548 3435 5611 castellum

562 5638 885 5720 modicum,
925 5642 1088 5721 quod
1130 5651 1385 5704 vocatur
1425 5645 1795 5707 Surandala
1839 5668 1892 5704 ›.
