4642 6650
1490 806 1580 854 An
1625 807 1796 856 noca
1844 806 2098 854 sanem
2140 805 2253 854 m.
2300 809 2503 855 εει-ωε
3352 784 3438 854 67

556 1029 770 1119 hora,
828 1030 924 1102 ut
973 1048 1112 1103 nec
1166 1026 1311 1123 ipsi
1363 1027 1738 1102 haberent
1793 1028 1913 1102 vel
1969 1050 2125 1101 una
2189 1026 2312 1101 die
2351 1026 2556 1123 quod
2610 1026 2982 1118 biberent,
3043 1026 3176 1123 qui
3232 1025 3431 1101 obsi-

560 1152 846 1227 debant
900 1151 1322 1242 civitatem,
1380 1151 1579 1226 sicut
1651 1155 1915 1227 tamen
1970 1155 2052 1227 et
2106 1173 2348 1247 usque
2402 1152 2484 1224 in
2537 1130 2763 1227 hodie
2837 1155 3196 1249 apparet:
3258 1159 3436 1225 nam

558 1280 827 1372 postea
875 1300 1273 1372 nunquam
1327 1298 1465 1351 nec
1510 1276 2084 1372 qualiscumque
2148 1276 2427 1351 humor
2479 1276 2588 1349 ibi
2643 1277 3002 1372 apparuit
3055 1298 3298 1373 usque
3355 1276 3436 1349 in

557 1400 804 1475 hodie.
846 1398 956 1475 Ac
991 1399 1096 1475 sic
1132 1399 1446 1474 iubente
1482 1400 1668 1490 Deo,
1709 1400 1840 1495 qui
1876 1400 2019 1475 hoc
2056 1400 2511 1495 promiserat
2547 1400 2922 1491 futurum,
2955 1422 3255 1476 necesse
3281 1399 3435 1473 fuit

557 1547 686 1600 eos
739 1525 1009 1598 statim
1062 1524 1350 1601 reverti
1389 1525 1483 1597 ad
1522 1548 1684 1614 sua,
1726 1524 1805 1597 id
1841 1528 1960 1599 est
1998 1525 2079 1597 in
2116 1524 2438 1599 Persida
2466 1516 2520 1600 ¹.
2557 1525 2759 1599 Nam
2814 1529 2897 1599 et
2950 1524 3440 1621 postmodum

555 1648 1238 1744 quotienscumque
1302 1649 1717 1725 voluerunt
1787 1650 2050 1724 venire
2125 1652 2205 1723 et
2259 1672 2696 1746 expugnare
2768 1651 2965 1725 hanc
3036 1650 3435 1726 civitatem

556 1776 833 1864 hostes,
886 1773 1073 1849 haec
1126 1772 1451 1869 epistola
1505 1775 1810 1869 prolata
1865 1777 2005 1867 est,
2038 1777 2119 1849 et
2161 1775 2367 1850 lecta
2419 1778 2539 1850 est
2591 1775 2673 1848 in
2726 1779 2974 1871 porta,
3032 1778 3112 1851 et
3160 1775 3433 1850 statim

554 1901 754 1972 nutu
811 1898 952 1973 Dei
1007 1897 1301 1995 expulsi
1355 1901 1539 1972 sunt
1593 1919 1863 1974 omnes
1917 1899 2205 1973 hostes.
2257 1899 2464 1973 Illud
2518 1899 2754 1975 etiam
2807 1879 3078 1975 retulit
3130 1904 3440 1975 sanctus

554 2022 969 2120 episcopus,
1008 2045 1098 2097 eo
1139 2022 1343 2118 quod
1381 2023 1492 2096 hii
1531 2024 1788 2098 fontes
1828 2023 1960 2097 ubi
1989 2046 2031 2097 e
2068 2045 2258 2119 rupe
2294 2024 2578 2114 ierunt,
2611 2027 2793 2098 ante
2831 2023 2939 2098 sic
2965 2023 3201 2099 fuerit
3237 2046 3438 2100 cam·

554 2168 696 2242 pus
769 2146 976 2220 intra
1049 2147 1469 2237 civitatem,
1547 2147 1942 2222 subiacens
2014 2146 2306 2242 palatio
2383 2146 2693 2242 Aggari.
2771 2146 2988 2233 Quod
3061 2146 3437 2242 palatium

555 2270 843 2366 Aggari
897 2270 1117 2366 quasi
1171 2271 1252 2344 in
1307 2270 1615 2346 editiori
1669 2271 1837 2346 loco
1891 2273 2227 2367 positum
2284 2273 2479 2361 erat,
2538 2271 2737 2346 sicut
2791 2274 2872 2346 et
2925 2294 3127 2346 nunc
3187 2275 3438 2368 paret,

553 2399 645 2470 ut
698 2395 935 2472 videS.
992 2396 1193 2471 Nam
1250 2396 1720 2471 consuetudo
1775 2397 1957 2471 talis
2014 2399 2184 2472 erat
2239 2396 2320 2470 in
2376 2396 2507 2469 illo
2563 2397 2931 2492 tempore,
2988 2398 3081 2469 ut
3118 2397 3438 2493 palatia,

554 2522 1062 2617 quotiensque
1122 2521 1722 2612 fabricabantur,
1781 2544 2076 2618 semper
2137 2522 2220 2594 in
2292 2520 2741 2596 editioribus
2814 2521 2999 2596 locis
3074 2520 3344 2596 fierent
3386 2512 3437 2596 ².

555 2645 699 2720 Sed
752 2645 1240 2741 postmodum
1297 2669 1528 2741 quam
1582 2646 1689 2719 hii
1746 2645 1999 2720 fontes
2055 2646 2136 2719 in
2190 2667 2280 2720 eo
2337 2646 2503 2721 loco
2560 2649 3001 2742 eruperunt,
3040 2648 3227 2721 tunc
3271 2647 3436 2742 ipse

553 2770 902 2865 Aggarus
955 2769 1114 2843 filio
1169 2791 1308 2843 suo
1363 2770 1665 2865 Magm,
1724 2770 1801 2844 id
1858 2774 1977 2846 est
2031 2771 2185 2861 isti,
2243 2772 2461 2845 cuius
2507 2770 2934 2866 archiotipa
2967 2770 3178 2847 vides
3216 2772 3437 2846 iuxta

554 2898 776 2991 parte
834 2893 1105 2990 posita,
1160 2894 1305 2968 hoc
1357 2894 1737 2990 palatium
1793 2895 1995 2981 fecit*
2042 2896 2124 2969 in
2197 2916 2288 2970 eo
2360 2896 2569 2970 loco:
2642 2895 2756 2969 ita
2825 2898 3093 2971 tamen
3164 2899 3255 2970 ut
3325 2896 3438 2970 hii

552 3019 803 3094 fontes
858 3019 1069 3093 intra
1120 3019 1498 3115 palatium
1552 3020 2147 3095 includerentur.
2211 3020 2490 3096 Postea
2542 3042 2723 3116 ergo
2768 3043 3000 3116 quam
3035 3021 3225 3096 haec
3276 3042 3435 3096 om·

550 3142 680 3217 nia
733 3144 1009 3218 retulit
1061 3146 1372 3218 sanctus
1426 3143 1840 3241 episcopuS,
1880 3145 1996 3218 ait
2031 3144 2131 3218 ad
2177 3123 2332 3219 me:
2373 3166 2638 3219 eamus
2694 3166 2896 3220 nunc
2950 3145 3048 3219 ad
3102 3148 3434 3241 portam,

551 3290 686 3364 per
740 3291 971 3365 quam
1027 3269 1413 3365 ingressus
1468 3272 1587 3344 est
1661 3267 2001 3344 Ananias
2059 3291 2320 3346 cursor
2378 3291 2551 3345 cum
2600 3268 2738 3344 illa
2793 3269 3145 3367 epistola,
3203 3293 3436 3368 quam

553 3393 918 3468 dixeram.
978 3393 1169 3468 Cum
1206 3415 1386 3491 ergo
1426 3394 1893 3469 venissemus
1931 3394 2029 3468 ad
2068 3398 2371 3490 portam
2424 3394 2668 3490 ipsam
2696 3384 2745 3485 ³,
2788 3398 3004 3469 stans
3041 3395 3436 3492 episcopus

553 3517 737 3592 fecit
792 3517 1248 3611 orationem,
1304 3521 1386 3593 et
1438 3518 1628 3614 legit
1682 3518 1902 3592 nobis
1941 3519 2051 3593 ibi
2086 3520 2287 3614 ipsas
2328 3518 2714 3614 epistolaS,
2764 3521 2848 3595 et
2900 3517 3149 3623 denuo
3203 3519 3434 3594 bene-

551 3642 806 3718 dicens
858 3664 1022 3734 nost,
1074 3642 1282 3717 facta
1321 3646 1439 3717 est
1473 3644 1760 3718 iterata
1796 3643 2070 3719 oratio,
2113 3642 2318 3717 Illud
2357 3643 2595 3719 etiam
2631 3644 2907 3718 retulit
2940 3643 3163 3718 nobis
3219 3665 3432 3718 sanc—

550 3768 678 3840 tus
733 3766 893 3861 ipse
946 3765 1242 3842 dicens:
1301 3765 1411 3841 Eo
1470 3766 1672 3862 quod
1709 3788 1802 3842 ex
1838 3788 1932 3841 ea
1970 3767 2115 3858 die,
2157 3790 2311 3863 qua
2350 3767 2690 3842 Ananias
2725 3790 2986 3843 cursor
3018 3789 3153 3863 per
3189 3767 3432 3863 ipsam

548 3895 852 3987 portam
909 3892 1289 3987 ingressus
1345 3895 1463 3967 est
1516 3914 1690 3967 cum
1746 3893 2072 3987 epistola
2126 3890 2459 3983 Domini,
2520 3898 2765 3989 usque
2819 3893 2899 3966 in
2952 3894 3434 3989 praesentem

549 4013 751 4089 diem
805 4014 1305 4107 custodiatur,
1361 4037 1460 4089 ne
1517 4016 1684 4111 quis
1722 4016 2188 4109 immundus,
2226 4038 2324 4091 ne
2363 4016 2533 4112 quis
2566 4015 2938 4112 lugubris,
2997 4037 3135 4111 per
3186 4015 3433 4110 ipsam

547 4144 850 4237 portam
889 4144 1271 4229 transeat3
1311 4139 1444 4216 sed
1481 4162 1618 4215 nec
1655 4162 1929 4237 corpus
1971 4140 2294 4215 alicuius
2334 4140 2623 4214 mortui
2661 4140 2982 4214 eiciatur
3017 4161 3153 4234 per
3188 4138 3433 4234 ipsam

548 4268 874 4361 portam.
907 4264 1256 4341 Ostendit
1310 4266 1545 4340 etiam
1580 4267 1799 4342 nobis
1838 4269 2152 4342 sanctus
2192 4266 2587 4362 episcopus
2633 4267 3081 4341 memoriam
3116 4266 3429 4361 Aggari,

709 4468 728 4505 ¹
757 4470 948 4532 Nulla
987 4469 1168 4532 nobis
1212 4469 1291 4532 ab
1331 4470 1608 4549 antiquis
1648 4470 1881 4533 tradita
1936 4477 2036 4533 est
2086 4469 2383 4533 memoria
2419 4469 2772 4533 huiusmodi
2822 4469 3234 4549 obsessionis,
3276 4489 3433 4549 quae

547 4568 926 4648 Peregrinae
967 4569 1045 4630 ab
1087 4569 1376 4648 episcopo
1419 4569 1697 4632 Edessae
1736 4569 1840 4631 hic
1877 4575 2183 4632 narratur.

704 4666 730 4703 ²
760 4664 933 4728 Sicut
975 4666 1423 4746 adnotavimus,
1467 4668 1586 4729 duo
1628 4669 1877 4729 fuerunt
1915 4669 2092 4746 regia
2136 4669 2392 4749 palatia,
2447 4689 2633 4730 unum
2687 4668 2887 4729 maius
2927 4667 2993 4729 in
3045 4688 3164 4745 quo
3222 4666 3430 4731 fontes

545 4772 737 4842 erant,
780 4764 1045 4825 alterum
1085 4765 1246 4842 quod
1273 4786 1431 4827 anno
1459 4768 1576 4826 517
1621 4767 1764 4848 (206
1791 4787 1850 4845 p.
1884 4767 2054 4848 Chr.)
2102 4790 2133 4825 ‹
2157 4768 2447 4845 Abgarus
2488 4766 2553 4827 in
2596 4766 2820 4845 oppido
2862 4785 2972 4828 suo
3016 4766 3369 4827 aedificavit
3393 4791 3425 4826 ›

545 4862 717 4944 (Chr.
760 4862 967 4925 edess.
1009 4884 1068 4943 p.
1112 4865 1274 4944 393).
1317 4865 1607 4926 Narratio
1649 4872 1855 4926 tamen
1907 4866 2288 4943 Peregrinae
2335 4886 2465 4937 ‚non
2516 4867 2675 4926 bene
2730 4865 3016 4943 congruit
3069 4885 3208 4926 cum
3259 4866 3432 4928 chro-

541 4960 712 5040 nico;
750 4981 896 5022 nam
920 4979 997 5021 ex
1025 4960 1301 5040 episcopi
1327 4961 1626 5023 relatione
1656 4969 1840 5024 vetus
1866 4963 2167 5041 palatium
2194 4962 2598 5037 constitutum
2626 4981 2769 5023 esse
2795 4961 3046 5023 videtur
3071 4963 3139 5023 in
3166 4962 3428 5025 editiore

542 5057 696 5133 1000,
740 5078 856 5120 seu
894 5057 963 5118 in
1002 5058 1249 5138 oppido,
1290 5078 1519 5121 novum
1559 5067 1769 5122 autem
1808 5061 2024 5121 subter
2062 5058 2240 5137 illud,
2282 5080 2402 5137 qua
2443 5059 2653 5122 fontes
2695 5066 3045 5138 eruperunt.

700 5155 726 5193 ²
752 5156 1066 5218 Eusebius
1095 5176 1171 5218 ex
1212 5156 1439 5219 archiis
1480 5157 1748 5236 publicis
1789 5158 2116 5238 epistolam
2159 5157 2398 5219 Christi
2440 5157 2835 5238 exemplavit,
2877 5178 3087 5236 quam,
3129 5164 3201 5219 ut
3241 5178 3430 5238 supra

542 5253 907 5333 audivimus,
950 5253 1028 5316 ad
1068 5261 1312 5336 portam
1351 5263 1629 5336 tempore
1671 5256 2013 5319 obsidionis
2057 5257 2387 5336 episcopus
2415 5256 2750 5319 afferebat:
2778 5276 2937 5318 anno
2966 5256 3430 5336 peregrinatio-

539 5352 639 5413 nis
680 5352 989 5416 Edesseni
1031 5352 1098 5414 in
1135 5367 1316 5432 porta
1367 5352 1507 5432 ipsa
1560 5354 2010 5434 custodiebant,
2065 5353 2272 5432 ibique
2324 5374 2435 5433 pro
2490 5353 2729 5433 patriae
2787 5354 3166 5418 munimento
3221 5361 3431 5418 aetate

539 5450 828 5530 Procopii
869 5442 1072 5531 (B.‘P.
1098 5451 1141 5512 1.
1183 5451 1285 5512 XI
1311 5471 1362 5513 c.
1397 5452 1498 5533 12)
1541 5452 1892 5515 servabant.
1922 5453 2255 5514 Translata
2293 5472 2443 5532 ergo
2487 5453 2755 5531 epistola
2793 5451 2917 5515 fuit
2959 5473 3035 5515 ex
3075 5453 3303 5516 archiis
3349 5454 3430 5516 ad

540 5555 800 5627 portam,
842 5555 1119 5628 tempore
1162 5550 1532 5626 Constantii,
1577 5570 1715 5613 cum
1776 5551 1994 5631 Sapor.
2013 5552 2347 5614 Persarum
2405 5570 2514 5614 rex
2552 5552 2781 5614 iterata
2829 5552 3184 5615 incursione
3223 5551 3423 5614 Meso-

539 5644 876 5723 potamiam
915 5645 1166 5711 invasit.
