4642 6650
1153 787 1277 859 124
2321 811 2522 858 parnt
2565 807 2841 859 nucem

1146 1030 1628 1122 cumdantur,
1686 1031 2065 1128 capitibus
2117 1031 2358 1108 versis
2413 1032 2510 1105 ad
2565 1032 3025 1127 aquilonem,
3074 1036 3158 1108 et
3209 1032 3348 1109 hec
3401 1034 3703 1130 singula
3756 1034 4013 1131 singu-

1146 1156 1238 1231 lis
1291 1159 1504 1232 tecta
1557 1157 1934 1253 lapidibus
2008 1157 2254 1232 instar
2329 1157 2686 1233 basilicae
2750 1157 3030 1232 dolatis
3106 1157 3346 1233 trium
3403 1159 4014 1255 patriarcharum

1146 1281 1523 1357 candidis:
1582 1283 2011 1380 sepulcrum
2064 1305 2248 1359 vero
2286 1281 2536 1356 Adam
2573 1283 3032 1380 protoplasti
3079 1284 3533 1372 obscurioris
3587 1288 3670 1360 et
3722 1284 4013 1359 vilioris

1146 1407 1393 1504 operis
1444 1430 1599 1482 non
1654 1409 1877 1505 longe
1932 1408 2028 1482 ab
2085 1408 2237 1482 illis
2293 1408 2394 1482 ad
2463 1408 2849 1484 borealem
2924 1411 3495 1506 extremamque
3551 1410 3752 1484 muri
3804 1410 4013 1484 illius

1145 1536 1444 1628 partem
1499 1536 1795 1630 pausat.
1856 1533 2118 1606 Trium
2158 1555 2462 1629 quoque
2498 1533 2959 1610 feminarum
2997 1533 3302 1609 viliores
3341 1537 3423 1609 et
3475 1536 3805 1612 minores
3856 1555 4012 1609 me·

1146 1660 1436 1736 moriae
1491 1664 1932 1736 cernuntur.
1972 1661 2314 1735 Mambre
2351 1660 2586 1752 collis,
2625 1661 2835 1735 mille
2871 1662 3218 1758 passibus
3256 1684 3304 1734 a
3342 1661 3857 1736 monumentis
3895 1659 4013 1734 his

1145 1787 1245 1860 ad
1296 1787 1632 1876 boream,
1689 1787 2055 1862 herbosus
2090 1786 2314 1863 valde
2352 1789 2432 1862 et
2468 1785 2806 1878 floridus,
2846 1789 3347 1882 campestrem
3381 1787 3669 1862 habens
3708 1787 3788 1860 in
3842 1808 4009 1862 ver-

1146 1913 1298 1987 tice
1352 1912 1771 2008 planitiem,
1810 1912 1890 1985 in
1929 1912 2144 1987 cuius
2181 1907 2611 2007 aquilonari
2650 1916 2868 2007 parte
2908 1936 3229 2008 quercus
3266 1911 3645 2004 Abrahae,
3682 1912 4012 1988 duorum

1146 2037 1545 2113 hominum
1600 2038 2035 2113 altitudinis
2078 2040 2424 2128 truncus,
2463 2038 2781 2113 ecclesia
2816 2039 3286 2114 circumdata
3340 2041 3478 2114 est.
3536 2037 4010 2134 Egredienti-

1146 2165 1289 2239 bus
1343 2165 1653 2240 Hebron
1709 2165 1807 2240 ad
1879 2164 2316 2260 aquilonem
2371 2165 2452 2238 in
2513 2164 2824 2239 sinistra
2891 2169 3110 2262 parte
3185 2165 3358 2241 viae
3413 2143 3746 2240 occurrit
3780 2185 4015 2238 mons

1146 2290 1455 2387 pinosus
1511 2313 1816 2388 parvus,
1874 2291 2123 2364 tribus
2178 2289 2489 2364 milibus
2542 2310 2901 2385 passuum
2938 2291 3035 2365 ab
3071 2290 3407 2383 Hebron,
3467 2288 3669 2364 unde
3723 2289 4015 2387 Ieryso-

1145 2416 1410 2490 limam
1474 2416 1697 2513 pinea
1769 2416 2024 2512 lignea
2096 2413 2453 2488 feruntur
2525 2413 2607 2487 in
2669 2413 2974 2488 camelis
2994 2436 3012 2502 ;
3079 2436 3260 2488 nam
3315 2414 3397 2487 in
3458 2412 3668 2488 omni
3730 2412 4017 2489 Iudaea

1147 2540 1495 2637 plaustra
1549 2543 1670 2616 vel
1727 2563 1992 2615 currus
2047 2562 2222 2614 raro
2279 2540 2499 2614 fiunt.

1307 2666 1532 2757 (Per.)
1588 2666 1680 2740 In
1734 2666 2099 2763 vigesimo
2162 2673 2428 2741 autem
2468 2669 2747 2761 quarto
2803 2665 3129 2740 miliario
3186 2666 3283 2740 ab
3337 2666 3757 2741 Ierusalem
3793 2664 4015 2739 iuxta

1148 2792 1458 2868 Hebron
1513 2795 1631 2866 est
1684 2792 1879 2882 fons,
1938 2793 2017 2865 in
2072 2813 2223 2887 quo
2279 2791 2709 2887 baptizavit
2748 2792 3142 2888 Philippus
3197 2792 3591 2889 apostolus
3645 2794 3730 2866 et
3783 2813 4015 2867 evan-

1147 2919 1422 3015 gelista
1479 2917 1914 2992 eunuchum
1971 2916 2335 2992 Candacis
2390 2917 2696 3013 reginae
2726 2909 2776 2991 ¹.
2817 2916 2908 2991 In
2942 2918 3108 2993 loco
3150 2940 3357 3009 vero,
3397 2919 3529 3013 qui
3583 2917 4017 3013 appellatur

1149 3043 1654 3120 Terebinthus
1680 3099 1698 3134 ‚
1775 3043 1909 3116 ubi
1980 3046 2503 3139 apparuerunt
2577 3046 2757 3134 tres,
2808 3043 3061 3139 angeli
3132 3042 3474 3136 Abraae,
3551 3047 3672 3118 est
3740 3045 4016 3138 puteus

1147 3169 1504 3244 Abrahae
1549 3169 1910 3266 optimuS,
1967 3172 2049 3245 et
2101 3169 2504 3266 speluncae
2561 3169 2758 3243 duae
2813 3169 3346 3262 lucidissimae,
3404 3169 3536 3243 ubi
3591 3168 4012 3244 habitavit:
4070 3272 4075 3276 q

1148 3320 1329 3370 nam
1383 3300 1464 3372 et
1519 3295 1882 3371 altarium
1939 3295 2046 3370 ibi
2102 3297 2441 3392 positum
2478 3299 2617 3388 est,
2652 3299 2739 3372 ‘et
2778 3299 2958 3373 ante
2998 3319 3079 3372 se
3116 3297 3510 3373 ecclesiam
3547 3295 3729 3371 abet
3755 3285 3806 3368 ².
3841 3291 4020 3368 Non

1150 3423 1374 3520 longe
1428 3427 1690 3498 autem
1746 3422 1921 3497 inde
1994 3445 2210 3498 mons
2265 3426 2406 3514 est,
2468 3445 2711 3519 usque
2764 3447 2916 3519 quo
2992 3424 3309 3499 deduxit
3362 3422 3654 3497 Abram
3710 3419 4019 3516 angelos

1148 3553 1417 3625 euntes
1473 3550 1556 3624 in
1613 3549 1980 3624 Sodomis.
2037 3549 2258 3623 Intus
2311 3571 2497 3625 vero
2556 3550 2634 3622 in
2700 3550 2956 3624 Ebron
3027 3550 3296 3625 domus
3351 3548 3702 3624 consistit
3757 3544 4016 3634 Davit,

1149 3676 1350 3757 unde
1404 3676 1650 3750 adhuc
1705 3676 1965 3771 aliqua
2021 3699 2197 3771 pars
2251 3679 2435 3769 stat,
2474 3700 2654 3750 nam
2704 3676 3162 3767 cubiculum,
3223 3676 3355 3750 ubi
3410 3674 3716 3763 mansit,
3775 3691 4018 3766 usque

1149 3802 1320 3877 odie
1354 3802 1460 3875 ibi
1505 3801 1604 3875 ad
1642 3801 2066 3875 orationem
2107 3803 2444 3877 curritur
2468 3793 2518 3875 ³.
2558 3801 2815 3898 Longe
2852 3804 3115 3876 autem
3154 3802 3251 3875 ab
3289 3801 3547 3875 Ebron
3603 3798 3700 3872 ad
3755 3818 4020 3892 passus

1147 3929 1528 4002 trecentos
1583 3926 1663 3999 in
1719 3927 1906 4017 loco,
1965 3925 2097 4021 qui
2135 3926 2415 4001 dicitur
2450 3924 2859 4017 Abramiri,
2909 3929 3028 4000 est
3066 3926 3335 4000 domus
3373 3923 3652 4013 Iacobi‚
3713 3921 3845 3995 ubi
3898 3940 4015 3994 ec·

1149 4050 1375 4125 clesia
1429 4050 1592 4124 sine
1647 4052 1854 4124 tecto
1911 4052 2352 4124 constructa
2387 4053 2529 4123 est.
2571 4049 2757 4126 Inde
2791 4072 2974 4126 vero
3014 4049 3112 4124 ad
3150 4071 3415 4146 passus
3460 4044 4022 4145 quinquaginta

1149 4178 1268 4250 est
1320 4176 1806 4272 sepulchrum
1858 4177 2103 4253 sancti
2143 4174 2504 4271 Chaleph.
2561 4176 2758 4250 Item
2813 4174 3200 4249 Abramiri
3253 4174 3480 4250 vinea
3533 4175 3674 4262 est,
3733 4170 3814 4243 in
3867 4192 4021 4265 qua

1150 4304 1269 4375 est
1310 4302 1690 4397 spelunca,
1730 4301 1863 4374 ubi
1900 4300 2387 4396 requiescunt
2426 4323 2741 4397 corpora
2779 4300 3129 4375 undecim
3167 4299 3504 4374 filiorum
3540 4296 3812 4373 Iacob:
3851 4316 4022 4368 ossa

1313 4653 1331 4695 ²
1374 4656 1497 4722 Hic
1536 4659 1677 4723 fons
1718 4661 1970 4740 ponitur
2010 4661 2089 4723 ab
2130 4661 2403 4724 Eusebio
2443 4659 2508 4724 in
2548 4681 2607 4723 v.
2676 4644 2942 4743 Βεὸσόύρ
2983 4661 3049 4722 in
3087 4659 3381 4723 vicesimo
3421 4658 3628 4740 lapide
3694 4657 3771 4719 ab
3820 4656 4016 4718 Aelia·

1146 4755 1565 4839 Hieronymus
1606 4760 1685 4822 ad
1725 4781 1784 4822 v.
1825 4761 2172 4823 Bethasora
2210 4763 2276 4822 in
2315 4761 2611 4823 vicesimo
2656 4761 2963 4823 secundo:
3006 4760 3403 4822 Itinerarium
3443 4766 3651 4819 autem
3698 4755 4020 4833 Burdiga-

1147 4858 1324 4921 lense
1364 4857 1561 4919 millia
1599 4858 1806 4920 XIIII
1834 4879 1873 4920 a
1896 4858 2246 4937 Bethleem,
2275 4878 2390 4920 seu
2417 4859 2493 4920 ab
2522 4858 2707 4919 Aelia
2732 4857 3031 4936 vinginti:
3074 4857 3342 4935 denique
3370 4854 3759 4917 Theodosius
3809 4854 3872 4934 (ἓ
3912 4852 4017 4933 21)

1147 4959 1344 5021 millia
1383 4958 1668 5021 sedecim.

1305 5058 1330 5094 ²
1370 5060 1430 5120 A
1469 5059 1818 5121 Bethasora
1856 5059 1935 5120 ad
1976 5053 2426 5121 'Pherebintum
2465 5058 2660 5119 millia
2722 5066 2859 5120 octo
2918 5058 3214 5137 leguntur
3266 5056 3333 5117 in
3381 5053 3730 5132 Itinerario,
3771 5053 3879 5114 ubi
3919 5072 4019 5132 ap-

1148 5158 1432 5238 ponitur:
1478 5180 1511 5215 «
1539 5159 1640 5219 Ibi
1678 5158 1960 5220 Abaham
2002 5158 2328 5238 habitavit,
2373 5165 2437 5219 et
2476 5164 2728 5237 puteum
2754 5157 2916 5219 fodit
2958 5158 3072 5218 sub
3113 5157 3333 5217 arbore
3375 5153 3748 5233 terebintho,
3779 5160 3844 5214 et
3884 5172 4021 5213 cum

1150 5254 1387 5337 angelis
1425 5259 1667 5319 locutus
1709 5264 1824 5319 est.
1866 5258 1966 5319 Ibi
2008 5258 2265 5319 basilica
2304 5258 2498 5318 mirae
2539 5257 3013 5336 pulchritudinis
3041 5256 3209 5318 facta
3250 5263 3348 5317 est
3387 5254 3568 5317 iussu
3608 5251 4021 5315 Constantini.

1149 5349 1308 5418 Inde
1347 5348 1725 5417 Therebinto
1768 5350 2023 5416 Hebron
2065 5356 2260 5416 millia
2298 5354 2420 5416 duo
2446 5378 2503 5418 ›.

1308 5455 1333 5491 ³
1369 5456 1643 5534 Hebron,
1684 5456 1791 5516 ubi
1832 5455 2077 5516 domum
2118 5455 2239 5516 sibi
2280 5456 2603 5517 constituit
2641 5453 2868 5533 David,
2910 5454 3179 5532 fecitque
3221 5453 3434 5515 sedem
3477 5451 3654 5532 regni
3707 5451 3804 5512 sui
3834 5449 4023 5532 (Reg.

1145 5551 1235 5635 11,
1276 5576 1327 5616 c.
1370 5557 1429 5634 2,
1470 5556 1555 5637 3),
1598 5548 1877 5616 distabat
1915 5555 1993 5623 ab
2033 5553 2218 5616 Aelia
2257 5554 2533 5617 millibus
2574 5555 2821 5616 circiter
2859 5552 3087 5633 viginti
3118 5552 3357 5616 duobus
3387 5552 3638 5633 (Euseb.
3666 5550 3732 5612 in
3761 5540 4019 5632 Ἀρβώ).
