4642 6650
1992 1347 2053 1421 I.

1309 1630 1454 1698 DE
1535 1627 2002 1700 CODICE
2083 1628 2739 1701 ARRETINO

747 1921 962 1997 Inter
1014 1923 1423 1998 nonnullos
1478 1946 1634 1999 non
1687 1923 2148 2020 spernendos
2205 1923 2518 2015 codiceS,
2559 1925 2693 2019 qui
2730 1922 3018 1999 Arretii
3053 1922 3136 1997 in
3186 1922 3460 1997 biblio-

587 2066 813 2141 theca
865 2066 974 2161 pii
1027 2066 1388 2159 sodalitii,
1448 2069 1652 2164 quod
1707 2070 1939 2164 vulgo
1995 2068 2434 2165 appellatur
2497 2067 2977 2143 Fraternitas
3050 2091 3111 2141 s.
3168 2065 3462 2142 Mariae

586 2212 714 2287 vel
768 2211 1160 2302 laicorum,
1220 2214 1737 2304 asservantur,
1795 2213 2085 2287 honore
2138 2211 2534 2309 praecellit
2587 2235 2811 2301 unus,
2876 2210 3010 2306 qui
3064 2233 3124 2284 s,
3183 2208 3465 2284 Hilarii

588 2353 1135 2453 Mysteriorum
1205 2358 1286 2431 et
1337 2356 1824 2453 Hymnorum
1889 2356 2326 2452 fragmenta
2389 2356 2758 2447 continet,
2812 2377 2954 2431 nec
3018 2377 3173 2429 non
3239 2318 3464 2430 Pere-

588 2499 1099 2596 grinationem
1158 2499 1257 2575 ad
1323 2501 1490 2576 loca
1545 2504 1835 2592 sancta,
1907 2500 2308 2596 antiquam
2364 2499 2574 2589 satis,
2640 2498 2848 2579 licet,
2898 2498 3122 2573 initio
3180 2501 3261 2574 et
3314 2498 3465 2574 fine

592 2648 982 2719 carentem
1010 2636 1059 2720 ¹.
1099 2645 1212 2720 Ea
1264 2668 1403 2721 nos
1458 2647 1719 2720 omnia
1771 2645 2083 2742 plurimi
2130 2643 2640 2719 existimanda
2695 2665 2857 2719 esse
2912 2665 3331 2735 censemus,
3373 2665 3463 2718 ac

587 2788 903 2864 tandem
957 2789 1040 2862 in
1075 2789 1324 2865 lucem
1363 2789 1858 2886 proferenda:
1898 2810 2141 2885 eoque
2190 2788 2587 2880 sentimuS,
2625 2790 2719 2862 ut
2774 2787 3055 2863 oblivio
3088 2789 3255 2862 tam
3294 2786 3461 2861 diu-

588 2935 825 3007 turna
885 2955 1042 3007 non
1104 2933 1266 3008 sine
1332 2932 1668 3029 quadam
1732 2933 1957 3029 culpa
2029 2931 2613 3026 studiorumque
2680 2931 3143 3008 detrimento
3219 2954 3463 3028 usque

592 3074 840 3149 adhuc
895 3074 1257 3150 mansisse
1295 3075 1675 3165 videatur,
1715 3078 1887 3149 tum
1926 3074 1991 3149 si
2027 3073 2556 3169 praefatorum
2593 3073 2741 3149 viri
2779 3073 3198 3149 doctissimi
3233 3073 3461 3149 lumi-

592 3219 861 3317 nisque
918 3219 1272 3295 ecclesiae
1311 3241 1625 3316 operum
1665 3218 2143 3314 praestantia
2177 3216 2701 3315 perspiciatur,
2741 3221 2913 3293 tum
2959 3218 3199 3294 etiam
3255 3219 3461 3315 quod

592 3386 686 3440 ex
739 3387 832 3441 ea
884 3367 1140 3441 terrae
1196 3366 1507 3440 sanctae
1561 3363 1895 3459 cognitio
1951 3364 2197 3460 magis
2235 3364 2623 3460 augescat.

749 3479 1369 3581 Membranaceus
1426 3508 1546 3581 est
1600 3505 1858 3596 codex,
1916 3505 2326 3580 distinctus
2379 3505 2462 3578 in
2535 3506 3100 3601 quaterniones,
3158 3527 3246 3581 ac
3310 3505 3467 3600 pri-

590 3649 795 3725 stina
848 3650 1157 3725 iunctus
1232 3653 1549 3724 sutura:
1608 3672 1761 3745 qua
1816 3670 1907 3723 ex
1958 3670 2043 3722 re
2102 3647 2574 3730 defectiones
2646 3648 3291 3746 abscissionesque
3344 3649 3456 3724 fo-

589 3794 872 3868 liorum
907 3815 1298 3869 recensere
1339 3796 1575 3890 atque
1613 3791 1708 3867 de
1738 3792 1901 3889 ipsa
1939 3791 2214 3867 codicis
2253 3791 2704 3888 integritate
2745 3791 3136 3889 disputare
3171 3793 3460 3869 licebit.

594 3935 1116 4031 Antiquitatis·
1164 3937 1700 4030 argumentum
1758 3956 1854 4009 ex
1911 3935 2290 4029 scriptura
2368 3932 2795 4025 deducitur,
2854 3957 3053 4032 quae
3110 3936 3208 4010 ab
3264 3937 3470 4032 anti-

591 4078 877 4176 quariis
926 4078 1351 4173 'peritisque
1388 4077 1572 4153 viris
1625 4077 2158 4152 beneventana
2196 4077 2319 4152 vel
2364 4076 3293 4174 longobarda-casinensis
3333 4104 3468 4178 ap·

589 4220 947 4316 pellatur,
1006 4244 1160 4316 qua.
1216 4219 1573 4294 monachi
1626 4219 1743 4292 illi
1797 4220 2249 4315 praesertim
2305 4219 2426 4294 usi
2463 4223 2647 4326 sunt
2685 4244 2733 4295 a
2771 4223 3076 4297 saeculo
3126 4245 3331 4299 nono
3371 4224 3471 4299 ad

542 4419 547 4426 -
592 4363 1125 4440 duodecimum
1184 4386 1446 4459 usque.
1506 4362 1709 4437 Nam
1765 4363 2138 4439 eiusmodi
2210 4365 2672 4460 scripturam
2726 4365 2790 4439 si
2855 4388 3029 4441 cum
3101 4367 3321 4443 libris
3389 4368 3472 4443 in

592 4507 952 4583 coenobio
1011 4508 1384 4582 casinensi
1440 4507 1775 4582 exaratis
1832 4508 2317 4602 compararis,
2358 4510 2440 4582 te
2477 4506 2557 4581 id
2594 4512 3082 4606 perspicuum
3140 4515 3470 4587 certum-

592 4673 741 4747 que
794 4672 958 4726 esse
1010 4673 1168 4725 non
1224 4651 1498 4725 dubito
1555 4650 2213 4726 confirmaturum.
2289 4651 2569 4747 Itaque
2622 4675 2788 4745 nos,
2847 4677 3087 4750 quum
3141 4657 3472 4753 primum

589 4796 966 4894 quaedam
1021 4796 1370 4871 subesset
1423 4796 1783 4891 suspicio,
1841 4817 1938 4870 ne
1995 4799 2078 4869 et
2134 4796 2372 4872 codex
2429 4797 2812 4872 arretinus
2885 4802 3087 4874 esset
3151 4800 3249 4875 ad
3302 4823 3474 4877 eam

592 4939 1130 5015 adscribendus
1185 4938 1586 5030 familiam,
1628 4938 1847 5014 cuius
1885 4939 2134 5013 multa
2171 4938 2636 5035 exemplaria
2672 4940 2754 5014 in
2802 4940 3285 5020 bibliothecis
3319 4945 3473 5020 ita-

755 5196 777 5235 ¹
820 5196 1190 5277 Gamurrini,
1218 5201 1260 5260 I
1285 5200 1529 5259 Hister}
1567 5218 1598 5260 e
1636 5197 1874 5278 yl‘Inni
1914 5201 1981 5260 di
2020 5219 2071 5262 ε.
2106 5202 2311 5262 Ilm-io
2351 5219 2597 5262 vescovo
2624 5203 2693 5262 di
2716 5202 3001 5277 Poiiiers,
3033 5205 3109 5264 ed
3132 5223 3265 5266 nna
3293 5204 3472 5266 Pere-

590 5301 949 5375 ffrinazione
979 5301 1044 5358 ai
1073 5299 1286 5375 luoqhi
1324 5301 1493 5357 santi
1531 5298 1632 5356 nel
1671 5303 1899 5374 quarto
1941 5299 2152 5358 secolo.
2186 5298 2287 5379 (In
2314 5297 2529 5361 Smdii
2560 5300 2953 5360 edocumenti
2994 5302 3062 5361 di
3099 5307 3293 5363 storia
3314 5305 3476 5364 edi-

590 5400 760 5474 ritto,
803 5411 961 5456 anno
988 5395 1068 5474 V,
1112 5395 1312 5476 1884).
1358 5393 1601 5456 Deinde
1642 5394 1974 5456 disseruit:
2015 5398 2203 5457 Della
2265 5399 2500 5458 inedita
2561 5397 3072 5477 Peregrinatione
3134 5405 3200 5462 ai
3257 5403 3476 5480 luoqhi

594 5498 780 5554 santi.
825 5492 1063 5576 (Stadii
1103 5499 1220 5556 etc.
1263 5512 1421 5554 anno
1461 5492 1577 5569 VI,
1609 5494 1815 5575 1885).
1845 5492 1914 5556 Ο.
1949 5493 2205 5572 Koeler,
2244 5496 2406 5555 Note
2445 5514 2563 5557 eur
2588 5515 2678 5557 un
2703 5502 3048 5559 manuscrit
3074 5501 3149 5559 de
3175 5501 3242 5561 la
3270 5501 3476 5563 biblio-

595 5590 811 5669 ιιιεφω
836 5591 1142 5654 &Ara-20.
1175 5590 1448 5673 (nm-ast
1473 5589 1553 5653 <10
1580 5589 1644 5651 ια
1670 5589 2113 5670 Bibliotheque
2141 5591 2223 5655 <10
2252 5574 2491 5656 l’E'cole
2520 5592 2635 5656 <100
2662 5592 2930 5675 chates,
2957 5600 3007 5658 t.
3034 5595 3236 5678 XLV,
3266 5596 3471 5679 1884).

3103 5728 3152 5777 11
