4642 6650
1196 760 1310 805 xlv
2440 756 2811 804 PRAEFATIO

1191 980 1458 1052 sancta
1510 979 1588 1051 in
1641 976 1889 1051 lucem
1944 976 2187 1068 edere,
2242 977 2567 1074 ideoque
2623 1000 2750 1053 eos
2804 977 3093 1053 codices
3146 999 3401 1053 secum
3475 977 3841 1053 abduxit:
3920 976 4054 1051 sed

1193 1143 1419 1213 mors,
1479 1123 1571 1195 ut
1624 1120 1846 1212 solet,
1903 1120 2217 1195 consilia
2272 1120 2606 1216 abrupit.

2576 1554 2673 1628 II.

1702 1834 1824 1903 DE
1874 1835 1942 1903 S.
1992 1834 2363 1904 HILARII
2413 1833 2914 1904 MYSTERIIS
2967 1833 3088 1903 ET
3142 1833 3530 1903 HYMNIS.

1344 2128 1416 2203 S.
1454 2128 1796 2203 Hilarius
1835 2129 2226 2225 episcopus
2268 2128 2735 2204 Pictavensis
2773 2128 3246 2223 temporibus
3285 2126 3714 2202 Constantii
3774 2129 3855 2202 et
3908 2126 3960 2200 J
3965 2150 4052 2200 u-

1182 2274 1372 2347 liani
1399 2274 1575 2349 fidei
1603 2276 2232 2371 propugnator-et
2269 2273 2649 2349 confessor
2686 2273 3016 2348 maxime
3054 2272 3358 2347 fioruit:
3400 2271 3791 2368 flagellum
3828 2270 4051 2345 Aria·

1183 2438 1482 2509 norum,
1538 2418 2012 2515 scriptorque
2067 2417 2504 2507 acerrimuS,
2555 2416 3247 2513 eloquentissimus,
3288 2415 3491 2490 inter
3527 2413 3899 2511 principes
3936 2436 4053 2489 ec·
4158 2407 4162 2411 ’

1185 2563 1453 2638 clesiae
1482 2566 1738 2658 patres
1779 2585 2075 2660 semper
2113 2565 2232 2637 est
2266 2562 2603 2671 habitus».
2638 2562 2872 2649 Quem
2903 2584 2960 2637 S.
2991 2561 3508 2656 Hieronymus
3546 2559 3862 2633 summis
3890 2557 4054 2632 lau-

1184 2706 1406 2781 dibus
1462 2706 1888 2798 exornavit,
1946 2706 2368 2802 titulosque
2424 2727 2741 2803 operum
2797 2705 2894 2779 ab
2951 2727 3039 2781 eo
3098 2705 3480 2779 editorum
3520 2703 3921 2796 recensuit,
3959 2724 4052 2777 ex

1180 2849 1455 2946 quibus
1507 2872 1886 2947 perpauca
1931 2849 2253 2946 integra,
2286 2849 2441 2924 alia
2481 2853 2772 2941 autem,
2817 2849 3092 2944 quibus
3133 2848 3462 2945 plurima
3500 2847 4052 2937 desiderantur,

1179 2992 1275 3066 ad
1332 3015 1470 3067 nos
1524 2995 2066 3088 pervenerunt,
2123 2995 2379 3069 cetera
2435 2992 2760 3090 denique
2816 2992 3211 3089 deperdita
3246 2995 3450 3067 sunt.
3494 2991 3896 3066 Traditum
3934 2993 4054 3065 est

1178 3140 1462 3237 scripta
1515 3105 1675 3216 fere
1731 3138 1988 3214 omnia
2042 3143 2350 3215 servata
2406 3161 2566 3214 esse
2623 3140 2697 3213 in
2758 3139 3249 3215 celeberrimo
3305 3142 3768 3214 monasterio
3807 3140 4048 3236 picta-

1178 3284 1391 3359 vensi
1446 3306 1505 3359 s.
1562 3282 1879 3358 Hilarii:
1941 3283 2142 3382 quod
2219 3306 2392 3359 cum
2470 3284 2718 3359 multa
2793 3284 3253 3381 pertulisset,
3331 3284 3622 3362 codices
3693 3282 4052 3359 hilariani

1177 3452 1378 3505 anno
1445 3429 1644 3539 1563
1701 3429 1810 3503 ibi
1866 3431 2042 3526 igne
2095 3429 2406 3526 periisse
2461 3421 2898 3503 feruntur¹.
2958 3429 3141 3525 Spes
3185 3432 3448 3505 tamen
3484 3429 3739 3526 longa,
3785 3432 4050 3503 utrum

1173 3573 1254 3647 in
1310 3573 1761 3669 quibusdam
1821 3573 2310 3649 bibliothecis
2350 3572 2717 3669 quidquid
2775 3573 2868 3648 de
2923 3573 3334 3670 deperditis
3398 3573 3876 3665 conderetur,
3935 3573 4047 3648 vi-

1169 3738 1294 3791 ros
1350 3716 1611 3791 doctos
1665 3717 1923 3791 tenuit
1943 3707 1993 3789 ²:
2054 3740 2285 3812 quam
2324 3716 2633 3812 quidem
2677 3718 3239 3808 sustentarunt,
3297 3738 3496 3812 quae
3550 3739 3643 3791 ex
3697 3715 4046 3820 virorum

1171 3857 1765 3933 clarissimorum
1802 3859 2182 3934 industria
2218 3860 2607 3933 interdum
2647 3861 2720 3932 in
2768 3860 3018 3934 lucem
3055 3858 3478 3934 edebantur
3504 3850 3555 3933 ³.
3596 3857 4045 3933 Tractatum

1330 4137 1347 4173 ¹
1392 4137 1557 4201 Vide
1599 4137 1661 4200 S.
1690 4138 1917 4201 Hilarii
1961 4160 2164 4220 opera,
2217 4138 2484 4201 Parisiis
2526 4139 2625 4201 ed.
2650 4139 2807 4201 1605
2849 4146 2914 4200 et
2945 4140 3102 4201 1652
3131 4139 3196 4200 in
3223 4138 3489 4217 quodam
3517 4139 3752 4201 scholio
3780 4138 3845 4200 in
3873 4138 4045 4201 Gom·

1163 4235 1602 4297 mentationem
1644 4236 1920 4298 Gillotii:
1988 4260 2018 4295 ι
2044 4238 2349 4316 Pleraque
2391 4255 2586 4316 eaque
2629 4236 3013 4317 autographa
3072 4257 3230 4298 anno
3273 4236 3452 4298 Dom.
3499 4237 3656 4297 1563
3711 4236 3790 4299 ab
3830 4236 4041 4317 impiis

1165 4335 1487 4397 combusta
1527 4334 1779 4396 fuerunt
1816 4334 2115 4397 Pictavis.
2142 4359 2174 4394 ›

1325 4431 1349 4467 ²
1377 4431 1839 4496 Gillotii-De
1880 4454 1931 4496 s.
1974 4433 2215 4494 Hilario
2275 4433 2616 4496 Commeat.
2665 4456 2696 4492 ‹
2728 4433 2794 4494 Si
2834 4432 2998 4494 forte
3051 4431 3191 4511 quis
3246 4432 3703 4512 investigandis
3757 4439 4042 4496 veterum

1162 4530 1343 4593 libris
1384 4538 1593 4593 tantos
1633 4533 1906 4612 reperiat
1946 4532 2274 4595 thesauros
2316 4553 2531 4595 eruere
2570 4541 2635 4596 et
2673 4534 2739 4595 in
2780 4540 3058 4613 apertam
3098 4533 3300 4596 lucem
3351 4535 3690 4614 producere
3732 4532 3813 4595 ad
3853 4534 4043 4595 eccle·

1164 4629 1296 4692 siae
1337 4630 1829 4691 commoditatem
1856 4651 1981 4693 non
2014 4632 2245 4711 pigeat,
2276 4655 2308 4690 ›
2340 4631 2840 4694 Martene-Vett.
2870 4631 3095 4711 Script.
3127 4631 3282 4693 0011.
3313 4632 3384 4693 Τ.
3412 4632 3533 4711 ΙΧ,
3562 4652 3625 4710 p.
3654 4632 3731 4692 57
3748 4652 3762 4692 t
3812 4654 3843 4690 ‹
3869 4630 4040 4693 Satis

1164 4727 1378 4788 dolere
1417 4725 1539 4788 n'on
1580 4747 1909 4806 possumus
1951 4735 2047 4790 tot
2087 4728 2368 4807 tantique
2423 4727 2694 4789 doctoris
2751 4735 3163 4807 monumenta,
3206 4735 3317 4790 aut
3356 4727 3597 4808 perisse
3639 4728 3884 4791 omnino
3933 4735 4040 4789 aut

1162 4825 1458 4887 oblivioni
1499 4826 1747 4906 sepulta
1786 4827 2012 4889 alicubi
2053 4828 2255 4892 iacere
2295 4828 2553 4907 pulvere
2597 4826 2817 4888 obsita.
2845 4850 2876 4885 »

1321 4924 1347 4961 ³
1375 4925 1436 4986 S.
1477 4924 1706 4986 Hilarii
1749 4946 1903 5005 opus
1946 4926 2023 4988 de
2066 4926 2315 4988 Sinodis
2356 4934 2571 4988 contra
2609 4925 2937 4988 Ursacium
2978 4933 3044 4988 et
3081 4926 3408 4989 Valentem
3440 4925 3631 5006 (quod
3660 4945 3712 4988 s.
3739 4924 4042 5014 Hierony·

1158 5042 1296 5085 mus
1337 5021 1501 5102 apud
1542 5022 1831 5085 Treviros
1871 5023 2281 5103 transcripsit,
2323 5024 2525 5103 Epist.
2569 5022 2649 5085 ad
2689 5023 3098 5105 Florentium)
3130 5030 3406 5104 tempore
3434 5023 3612 5085 Petri
3638 5022 4034 5086 Venerabilis

1160 5119 1446 5183 extitisse
1486 5121 1757 5199 videtur,
1798 5121 1962 5200 quod
2002 5122 2060 5184 is
2100 5123 2167 5183 in
2206 5123 2463 5202 prologo
2517 5121 2663 5184 libri
2711 5123 2895 5203 primi
2949 5122 3250 5186 adversus
3306 5131 3540 5185 sectam
3598 5122 4040 5196 Saracenorum

1159 5218 1410 5282 scribit:
1458 5242 1489 5278 ‹
1512 5220 1631 5282 Est
1670 5227 1737 5282 et
1777 5221 1941 5281 alter
1981 5221 2168 5301 (liber
2207 5241 2258 5283 s.
2299 5217 2575 5302 Hilarii),
2618 5241 2800 5299 quem
2842 5221 3147 5283 adversus
3188 5222 3309 5283 iam
3352 5220 3554 5283 dictos
3595 5220 3925 5283 Valentem
3976 5227 4042 5283 et

1159 5316 1489 5379 Ursacium
1532 5318 1747 5380 edidit.
1773 5342 1804 5377 »
1850 5319 1934 5379 Et
1975 5319 2221 5397 quidem
2263 5319 2327 5380 in
2371 5327 2621 5381 vetusto
2677 5319 2955 5397 catalogo
3011 5320 3375 5381 monasterii
3431 5319 3584 5381 dicti
3639 5320 3907 5382 Beccum
3960 5319 4042 5382 ad

1160 5415 1294 5477 cod.
1337 5419 1418 5477 64
1460 5417 1729 5498 (Becker
1768 5416 1843 5477 G.
1882 5417 2165 5496 Cataloqi
2197 5420 2698 5480 bibliothecarum
2726 5424 2989 5498 antiqui,
3019 5419 3274 5481 Bonnae
3309 5420 3481 5496 1885,
3509 5440 3569 5480 n.
3599 5420 3702 5500 86)
3738 5421 4034 5498 legimus:

1164 5536 1195 5572 ‹
1218 5514 1503 5577 Hilarius
1544 5514 1624 5576 de
1666 5514 1917 5576 Sinodis
1956 5522 2023 5577 et
2066 5514 2344 5579 eiusdem
2385 5516 2546 5578 liber
2574 5524 2789 5578 contra
2817 5516 3147 5578 Valentem
3178 5523 3244 5578 et
3280 5516 3677 5578 Auxentium.
3701 5539 3734 5577 ›
3780 5515 4039 5581 Saeculo

1157 5606 1612 5692 decimoquinto
1650 5613 1946 5676 nonnulla
1983 5612 2281 5676 historica
2318 5612 2669 5694 fragmenta
2708 5613 2963 5677 fuerunt
3002 5633 3080 5676 ex
3119 5634 3192 5678 eo
3234 5635 3421 5695 opere
3447 5613 3781 5696 trascripta
3819 5635 3859 5678 a
3897 5634 4039 5694 quo·
