4642 6650
1297 792 1370 838 11.
1415 793 1506 839 DE
1551 793 1602 839 S.
1650 790 1903 838 mLABn
1946 790 2297 837 mersans
2342 791 2430 837 Er
2475 784 2729 836 anime
3331 791 3474 838 xm

590 1008 1018 1105 promptior
1070 1008 1541 1085 redderetur.
1601 1009 1839 1096 Quem
1894 1007 2203 1083 modum
2262 1031 2500 1104 quum
2556 1005 2856 1104 poetria
2910 1006 2992 1081 in
3048 1005 3295 1083 altero
3332 1005 3474 1103 hy·

590 1173 772 1225 mno
827 1151 1326 1245 adhibuisset,
1364 1177 1552 1226 num
1607 1153 1803 1227 hanc
1856 1152 2229 1227 acroiseos
2282 1152 2665 1227 rationem
2704 1150 2938 1226 fuisse
2976 1151 3057 1223 in
3093 1148 3470 1246 antiquis·

588 1291 802 1367 simis
856 1295 1216 1371 ecclesiae
1270 1295 1584 1371 canticis
1638 1315 1919 1391 negare
1974 1294 2417 1391 possemus?
3105 1401 3110 1405 ἢ

748 1435 1212 1535 Argumenti
1267 1439 1591 1514 fortasse
1649 1438 2079 1530 difficultas,
2137 1438 2573 1536 eloquiique
2610 1437 3029 1534 implicatio
3066 1435 3338 1529 effecit,
3378 1439 3471 1511 ut

588 1579 863 1677 hymni
914 1551 1281 1656 hilariani
1330 1583 1411 1656 in
1467 1582 1936 1658 oblivionem
1993 1580 2580 1672 adducerentur,
2639 1603 2728 1656 ac
2781 1602 2974 1678 pene
3029 1582 3239 1656 senio
3294 1602 3469 1656 con·

588 1723 1024 1800 ficerentur.
1083 1726 1408 1802 Nullum
1462 1726 1775 1801 ecclesia
1828 1725 1974 1801 sibi
2029 1726 2196 1822 ipsa
2272 1727 2655 1802 servavit:
2713 1726 2846 1822 qui
2896 1726 3125 1822 pauci
3179 1748 3227 1800 a
3279 1690 3465 1801 viris

589 1867 831 1944 doctis
887 1872 1123 1966 atque
1177 1870 1260 1943 in
1315 1871 1612 1966 aliquot
1667 1871 2050 1946 codicibus
2103 1869 2402 1945 Hilario
2457 1870 2934 1961 tribuuntur,
2982 1872 3046 1945 si
3082 1870 3460 1968 hymnum

586 2012 1061 2086 matutinum
1117 2011 1467 2109 excipias,
1526 2022 1756 2109 quem
1812 2012 1989 2087 exul
2045 2010 2299 2087 Abrae
2356 2011 2561 2088 filiae
2615 2035 2800 2088 suae
2856 2013 3014 2109 ipse
3068 2013 3303 2106 misit,
3363 2013 3460 2089 ad

584 2174 761 2230 eum
816 2177 972 2230 non
1025 2157 1407 2251 pertinere
1460 2155 1562 2229 ad
1614 2156 1928 2231 criticen
1983 2124 2582 2252 comprobantur
2610 2149 2658 2231 ¹.

578 2390 589 2399 .
744 2274 1048 2374 Primus
1102 2300 1234 2374 ille
1293 2300 1635 2397 profecto
1690 2300 2154 2397 hymnorum
2212 2303 2481 2376 auctor
2539 2300 2690 2375 fuit
2743 2299 2827 2373 in
2884 2299 3201 2375 ecclesia
3272 2298 3464 2375 occi·

584 2442 897 2533 dentali,
938 2446 1139 2519 teste
1173 2443 1465 2520 Isidoro
1521 2434 2012 2540 Hispalensi²t
2063 2448 2095 2481 “
2135 2445 2598 2541 hymnorum
2635 2444 2969 2520 carmine
3007 2443 3273 2519 floruit
3310 2446 3463 2540 pri-

581 2609 753 2662 mus
790 2642 855 2674 „.
913 2586 1205 2684 Nempe
1258 2589 1501 2681 nobis,
1559 2589 1691 2685 qui
1745 2591 1928 2662 ante
1981 2587 2199 2661 illum
2259 2589 2600 2681 carmina
2655 2610 2869 2663 sacra
2921 2587 3164 2663 latine
3203 2590 3461 2663 tenta·
3577 2558 3588 2567 ⁶

581 2731 809 2824 verit,
853 2734 1138 2808 notitia
1177 2757 1331 2809 non
1368 2737 1609 2809 extat.
1650 2732 1769 2806 Ad
1808 2733 1943 2807 illa
1982 2732 2375 2808 condenda
2413 2734 2793 2809 excitatus
2831 2736 2974 2824 est,
3014 2754 3168 2806 non
3205 2733 3458 2807 solum

581 2895 676 2950 ex
731 2896 846 2967 e0,
906 2876 1110 2972 quod
1164 2877 1311 2950 sibi
1364 2880 1761 2953 vetustum
1817 2877 1898 2950 in
1954 2876 2253 2952 oriente
2309 2898 2599 2951 morem
2681 2876 3000 2950 laudum
3073 2898 3460 2951 sacrarum

582 3004 1097 3099 canendarum
1134 3022 1214 3096 in
1251 3027 1509 3098 mente
1545 3024 1965 3114 revocaret,
2005 3044 2278 3098 verum
2318 3022 2556 3096 etiam
2594 3022 2692 3096 ab
2733 3021 3016 3096 arianis
3064 3021 3268 3118 ipsiS,
3326 3021 3460 3118 qui

579 3166 1043 3264 hymnorum
1097 3189 1399 3264 quoque
1457 3165 1983 3255 modulatione
2012 3165 2109 3240 ad
2139 3189 2356 3240 suam
2389 3165 2770 3240 haeresim
2797 3164 3251 3240 christianos
3290 3164 3458 3239 alli-

580 3314 840 3388 cerent
866 3303 916 3386 ³.
958 3312 1157 3408 Ergo
1196 3315 1291 3386 ut
1328 3311 1404 3385 in
1447 3334 1724 3407 magna
1760 3310 2117 3386 ecclesiae
2159 3309 2748 3406 perturbatione
2785 3307 3011 3383 fidem
3051 3309 3455 3406 pietatem·

578 3474 727 3549 que
801 3454 1121 3546 foveret,
1178 3458 1273 3528 ut
1326 3453 1676 3527 hostibus
1757 3452 2022 3528 eadem
2103 3454 2411 3548 raperet
2493 3475 2733 3542 arma,
2815 3451 3014 3526 hanc
3096 3450 3455 3526 devotam

579 3597 1172 3686 oblectationem
1210 3598 1445 3695 elegit
1482 3597 2000 3693 instituitque,
2054 3619 2288 3692 quam
2341 3618 2663 3670 romana
2718 3595 3029 3671 ecclesia
3082 3617 3236 3686 non
3291 3596 3455 3674 sine

577 3737 911 3812 maximo
965 3738 1229 3814 fructu
1284 3741 1640 3813 amanter
1694 3741 2096 3834 prosecuta
2151 3741 2292 3812 est.

738 3880 946 3968 Quae
998 3882 1309 3957 tandem
1368 3882 1792 3957 carminum
1846 3880 2231 3955 Hilarium
2286 3878 2698 3977 suscepisse
2764 3859 3247 3975 argumenta,
3312 3904 3452 3959 nos

574 4021 993 4099 Concilium
1049 4024 1270 4101 docet
1323 4024 1779 4100 Toletanum
1835 4026 2201 4120 quartum
2254 4045 2419 4097 can.
2488 4023 2625 4097 12:
2692 4026 2726 4059 ‘¹‘
2763 4021 3134 4096 Nonnulli
3180 4022 3452 4119 hymni

582 4222 616 4255 ,
651 4166 990 4243 humano
1027 4169 1283 4243 studio
1340 4171 1421 4242 in
1474 4167 1781 4243 laudem
1837 4166 1977 4242 Dei
2016 4169 2251 4262 atque
2281 4164 2827 4263 Apostolorum
2881 4167 2963 4240 et
3015 4163 3451 4261 Martyrum

582 4364 616 4397 ,‚
651 4309 1082 4407 triumphos
1137 4310 1536 4406 compositi
1601 4331 1765 4385 esse
1831 4311 2288 4384 noscuntur:
2356 4309 2560 4382 sicut
2622 4307 2701 4399 ii,
2768 4329 2958 4403 quos
3026 4306 3448 4382 beatissimi

580 4508 614 4542 „
652 4451 998 4528 doctores
1034 4452 1375 4527 Hilarius
1432 4456 1513 4528 et
1567 4452 2021 4527 Ambrosius
2079 4452 2486 4527 ediderunt
2523 4508 2588 4540 „.
2646 4451 2756 4527 Ex
2811 4473 2901 4527 eo
2940 4454 3203 4526 autem
3241 4450 3448 4547 quod

568 4595 701 4672 ille
755 4594 1087 4692 quodam
1141 4595 1223 4669 in
1276 4597 1562 4695 hymno
1621 4599 1714 4670 ut
1749 4595 2272 4691 Hieronymus
2309 4594 2571 4687 refert,
2613 4594 2872 4670 Gallos
2913 4594 3274 4670 indociles
3311 4617 3444 4671 vo-

730 4854 752 4892 ¹
779 4857 1103 4936 Hymnus:
1151 4879 1182 4915 ‹
1206 4856 1421 4918 Gloria
1446 4857 1512 4918 in
1540 4857 1806 4919 excelsis
1830 4858 1966 4919 Deo
1989 4878 2022 4916 »
2069 4876 2118 4918 s,
2161 4855 2407 4918 Hilario
2437 4855 2733 4917 tribuitur
2761 4855 2840 4916 ab
2866 4854 3133 4918 Alucino
3165 4854 3286 4938 (De
3316 4852 3443 4917 div.

571 4953 812 5032 officiis,
853 4956 921 5016 in
961 4956 1377 5017 celebratione
1419 4955 1693 5036 missae).
1736 4955 1838 5017 Ab
1878 4955 2207 5017 Hiacmaro
2236 4955 2302 5016 in
2328 4954 2489 5015 libro
2513 4990 2590 5000 —
2611 4956 2709 5016 De
2747 4975 2872 5015 non
2902 4961 3075 5016 trina
3100 4958 3345 5016 Dcitate
3366 4989 3444 4999 —

566 5053 832 5132 hymnus
870 5060 1242 5116 nocturnus:
1290 5076 1321 5112 ‹
1343 5053 1661 5133 Hymnum
1700 5053 1869 5116 dicat
1907 5055 2089 5115 turba
2128 5053 2407 5115 fratrum.
2434 5077 2466 5112 ›
2511 5053 2572 5114 A
2612 5053 2777 5114 card.
2820 5052 3151 5115 Thomasio
3215 5053 3284 5115 in
3325 5074 3443 5116 suo

564 5151 889 5231 hymnario
917 5151 996 5214 de
1025 5151 1168 5213 anni
1189 5152 1414 5215 circulo
1440 5152 1657 5232 hymni
1685 5152 1827 5231 du0‚
1858 5152 2017 5215 alter
2041 5152 2108 5213 in
2135 5152 2503 5233 Epiphania,
2525 5152 2691 5214 alter
2727 5174 2760 5212 ‹
2784 5152 2999 5213 Gloria
3023 5152 3091 5213 in
3117 5152 3438 5216 excelsis.»

565 5252 668 5313 Ab
709 5251 967 5313 Erasmo
1007 5251 1275 5331 hymnus
1316 5251 1398 5313 de
1441 5251 1657 5314 Cruce.

724 5347 750 5384 ²
777 5348 933 5410 Isid.
974 5348 1218 5428 Hispal.
1266 5348 1386 5410 Off.
1432 5350 1581 5411 eccl.
1621 5350 1664 5411 1.
1705 5349 1759 5429 1,
1801 5370 1934 5429 cap.
1977 5353 2034 5412 6.

723 5447 749 5484 ³
773 5449 873 5510 De
914 5468 965 5509 s.
1005 5449 1249 5510 Hilario
1289 5447 1752 5529 hymnographo
1794 5450 2048 5511 consule
2088 5470 2148 5528 p.
2186 5448 2460 5510 Contant
2486 5448 2551 5509 in
2579 5445 2965 5526 praefatione
2994 5466 3249 5527 operum
3278 5448 3440 5526 ejus·

564 5538 737 5607 dem:
778 5546 1166 5607 Honoratum
1206 5568 1244 5608 a
1281 5566 1332 5608 s.
1372 5547 1573 5608 Maria
1597 5547 1664 5608 in
1689 5548 2268 5610 Animadversiones
2295 5553 2364 5609 in
2390 5548 2644 5628 reyulas
2672 5551 2914 5608 critices
2952 5545 2996 5608 l.
3048 5545 3163 5624 IV,
3193 5545 3346 5609 diss.
3379 5545 3436 5607 7.

566 5642 749 5706 Oard.
779 5643 1127 5717 Quirinium
1168 5644 1235 5705 in
1275 5643 1544 5724 epistola
1584 5645 2124 5725 vigesimaquinta.
2757 5707 2782 5740 s

3047 5776 3123 5824 111
