4642 6650
1201 1063 1224 1084 .
1337 967 1835 1075 PETRI
1901 921 2646 1086 -ΜΑΟΟῙῊ

1524 1369 1659 1444 ΒΕ
1712 1369 1983 1444 LOCIS
2042 1370 2451 1446 SANCTIS

709 2082 1086 2160 INCIPIT
1141 2083 1502 2180 prologus
1557 2081 1769 2157 Petri
1810 2081 2128 2155 Diaconi
2169 2075 2593 2154 casinensis
2634 2080 2734 2154 ad
2775 2065 3241 2153 Guibaldum
3296 2080 3430 2154 Ca-

549 2209 927 2286 sinensem
981 2213 1065 2284 et
1121 2208 1654 2285 Stabulensem
1708 2206 2090 2320 abbatem
2144 2205 2226 2278 in
2282 2206 2477 2279 libro
2535 2205 2628 2280 de
2681 2205 2897 2332 bocis
2955 2204 3274 2324 Sanctis

704 2462 1030 2536 Domino
1070 2483 1235 2553 suo,
1275 2483 1364 2537 ac
1400 2462 1607 2556 patri
1643 2462 1725 2534 in
1763 2458 2071 2534 Christo
2105 2457 2530 2534 venerabili
2569 2457 2946 2532 Guibaldo
2984 2456 3126 2532 Dei
3176 2460 3431 2552 gratia

546 2587 741 2664 sacri
767 2587 1023 2662 Casini
1048 2587 1333 2662 Montis
1361 2587 1628 2662 abbati
1658 2578 1704 2678 ¹,
1735 2586 2011 2661 Petrus
2050 2583 2475 2659 Casinensis
2503 2584 2885 2659 Diaconus
2914 2583 3218 2658 debitae
3249 2583 3428 2657 obe-

547 2714 883 2791 dientiae
935 2716 1425 2789 famulatum.
1468 2715 1771 2801 Quanto
1811 2712 2185 2809 cupidinis
2223 2713 2423 2807 igne,
2463 2709 2697 2785 Pater
2733 2711 2814 2784 in
2854 2711 3155 2808 Christo
3199 2733 3430 2786 vene-

545 2840 805 2932 rande,
863 2840 1298 2931 exarserim,
1356 2861 1445 2915 ac
1498 2838 1711 2935 quali
1758 2840 2148 2936 quantove
2186 2836 2584 2926 desideriO,
2628 2837 2718 2910 ut
2754 2857 2891 2910 vos
2947 2836 3430 2930 omnipotens

546 2962 749 3040 Deus
786 2964 880 3052 de
915 2965 1253 3041 adversis
1290 2963 1641 3059 eriperet,
1675 2962 2223 3058 exoptaverim,
2254 2962 2510 3057 ipsum
2547 2960 2793 3035 Deum
2824 2960 3093 3035 invoco
3125 2962 3427 3051 testem,

545 3112 776 3185 quem
826 3091 1109 3167 mentis
1148 3090 1435 3182 abdita,
1477 3113 1702 3186 quem
1742 3088 2250 3165 conscientiae
2286 3088 2587 3162 occulta
2618 3110 2773 3162 non
2810 3086 3117 3177 fallunt,
3176 3087 3310 3182 qui
3349 3089 3431 3161 et

544 3215 637 3292 de
689 3216 871 3313 ipsis
926 3217 1162 3291 animi
1217 3216 1556 3290 motibus
1610 3216 1905 3311 generis
1963 3214 2256 3288 arbiter
2320 3213 2657 3288 creditur
2712 3212 3028 3286 futurus
3083 3213 3429 3286 humani.

545 3342 690 3418 Sed
744 3344 926 3439 quia
965 3344 1195 3440 juxta
1233 3330 1664 3439 Prophetae
1701 3342 2059 3438 elogium,
2101 3341 2179 3414 in
2217 3364 2455 3414 manu
2492 3339 2897 3414 hominum
2933 3361 3087 3414 non
3129 3342 3248 3414 est
3301 3339 3428 3414 via

543 3467 928 3563 ejus,·nec
989 3469 1087 3542 ab
1142 3468 1473 3563 homine,
1530 3468 1663 3542 sed
1721 3490 1767 3541 a
1824 3467 2149 3540 Domino
2206 3486 2504 3563 gressus
2560 3464 2889 3538 hominis
2958 3463 3423 3560 diriguntur,

540 3593 823 3666 nostris
877 3592 958 3667 id
1010 3593 1475 3668 facinoribus
1512 3592 2014 3689 exigentibus,
2054 3613 2209 3665 non
2275 3594 2395 3664 est
2447 3588 2764 3680 factum,
2822 3589 3027 3685 quod
3082 3589 3422 3661 humana

479 3774 490 3783 .
542 3717 872 3793 aviditas
927 3719 1388 3814 concupivit,
1446 3718 1577 3794 sed
1631 3740 1829 3813 quae
1885 3716 2091 3791 Deus
2130 3716 2421 3790 arbiter
2457 3715 2751 3789 meritis
2805 3714 3162 3789 humanis
3219 3736 3423 3790 com-

539 3844 801 3937 petere
854 3843 1250 3919 iudicavit.
1288 3844 1492 3919 Nam
1528 3866 1703 3919 cum
1741 3844 2081 3918 omnium
2120 3864 2533 3939 pravorum
2578 3845 2966 3916 crassante
3020 3841 3426 3937 impietate

539 3968 847 4045 ecclesie
928 3967 1071 4044 Dei
1123 3972 1376 4045 status
1448 3969 1728 4044 cotidie
1795 3967 2247 4043 labefactari
2321 3970 2727 4055 cernatur;
2786 3970 2868 4041 et
2921 3966 3104 4058 fere,
3164 3968 3254 4040 ut
3308 3967 3424 4040 ita

538 4092 807 4183 dicam,
865 4095 1126 4168 nullus
1201 4095 1564 4170 adversus
1620 4115 1750 4168 eos
1823 4095 2156 4189 insurgit
2227 4115 2367 4188 pro
2448 4092 2671 4167 domo
2746 4092 3064 4184 Israhel,
3139 4092 3425 4188 partim

539 4241 822 4311 amore,
879 4220 1165 4315 partim
1218 4221 1496 4295 timore
1550 4220 2060 4295 saecularium
2122 4221 2644 4315 potestatum:
2703 4218 2980 4292 idcirco
3045 4220 3424 4314 augustae

539 4346 953 4420 memoriae
1007 4344 1378 4420 Dominus
1431 4347 1693 4421 noster
1747 4345 2164 4441 imperator
2216 4344 2626 4418 Lotharius
2680 4347 3024 4418 vestram
3079 4344 3419 4418 beatitu-

541 4467 798 4544 dinem
850 4470 932 4544 in
997 4471 1371 4546 casinensi
1444 4471 1759 4546 cenobio
1834 4471 2198 4545 abbatem
2272 4469 2619 4558 instituit
2654 4460 2703 4560 ²,
2766 4473 2856 4543 ut
2910 4490 3024 4559 ea,
3068 4490 3265 4564 quae
3322 4468 3415 4542 ad

539 4596 1086 4672 correctionem
1157 4598 1539 4670 malorum
1592 4599 1673 4671 et
1727 4597 2055 4670 salutem
2112 4595 2491 4669 bonorum
2528 4595 2888 4686 attinent,
2949 4594 3272 4670 sollicite
3330 4616 3418 4668 ac

539 4720 944 4818 diligenter
996 4724 1532 4819 pertractareS,
1589 4725 1669 4797 et
1724 4722 2132 4796 effrenatos
2202 4720 2652 4810 refrenares,
2713 4743 2801 4794 ac
2857 4720 3219 4817 superbos
3273 4720 3416 4792 hu-

537 4846 915 4923 miliares:
981 4850 1361 4944 quatenus
1434 4850 1889 4944 recuperata
1955 4846 2292 4942 justitia,
2370 4850 2449 4921 et
2512 4848 2951 4920 restaurata
3023 4845 3416 4941 religione,

700 5125 720 5162 ¹
763 5125 1113 5189 Guibaldus
1152 5127 1387 5189 Montis
1448 5125 1664 5190 Casini
1705 5128 1897 5189 abbas
1952 5125 2074 5188 fuit
2135 5146 2173 5187 a
2211 5126 2386 5187 XIII
2439 5126 2584 5187 Kal.
2643 5124 2915 5186 octobris
2955 5124 3036 5185 ad
3089 5123 3186 5185 IV
3225 5143 3419 5185 nonas

535 5225 891 5287 novembris
932 5246 986 5286 a.
1031 5227 1207 5306 1137,
1248 5233 1435 5305 atque
1463 5247 1605 5287 mox
1629 5232 1886 5307 propter
1913 5232 2259 5306 temporum
2280 5224 2680 5287 difficultates
2710 5245 2779 5287 se
2807 5244 3060 5286 munere
3081 5223 3415 5285 abdicavit.

536 5319 815 5399 Gattnln„
854 5323 1023 5385 Hist.
1066 5325 1230 5386 Abb.
1274 5323 1665 5387 cassinensis
1705 5325 1777 5386 P.
1821 5324 1908 5385 Π.
1951 5345 2094 5404 pag.
2139 5326 2277 5385 331.
2351 5373 2354 5376 .

695 5419 721 5456 ²
759 5421 941 5484 Anno
985 5425 1162 5500 1137,
1204 5444 1392 5502 quum
1439 5423 1772 5485 Lotharius
1814 5424 2149 5503 imperator
2191 5422 2405 5485 Casini
2440 5430 2802 5503 moraretur,
2826 5446 2864 5486 a
2888 5422 3203 5485 monachis
3231 5422 3414 5501 gravi

539 5517 854 5582 discordia
904 5523 1226 5585 commotis
1282 5522 1662 5601 efflagitatus
1718 5529 1835 5601 est,
1878 5530 1949 5584 ut
1992 5523 2084 5585 eis
2141 5523 2431 5585 abbatem
2473 5522 2776 5602 eligeret:
2819 5523 2927 5584 ille
2983 5522 3221 5601 aliquot
3276 5521 3423 5583 dies

540 5626 869 5685 cunctatus
907 5620 1162 5689 tandem
1203 5622 1583 5689 Guibaldum
1620 5621 2027 5685 renunciavit.
2057 5622 2229 5684 Petr.
2254 5623 2429 5685 Diac.
2457 5622 2681 5683 Chron.
2708 5622 2949 5684 Cassin.
2976 5622 3016 5681 l.
3047 5622 3161 5697 I'V,
3188 5640 3241 5681 c.
3274 5621 3415 5682 124.

3194 5758 3267 5817 15
