4642 6650
1572 804 1617 848 1.
1662 802 1753 848 DE
1795 801 2032 849 comen
2075 801 2409 850 nmmo
3295 796 3423 844 1111

706 1024 1143 1121 Antequam
1196 1046 1334 1121 pro
1389 1022 1672 1098 Christi
1726 1022 2068 1120 sepulcro
2124 1025 2477 1098 exortum
2534 1024 2652 1097 est
2706 1021 3017 1113 bellum,
3066 1018 3421 1095 monachi

530 1168 994 1281 casinenses,
1051 1173 1144 1244 ut
1196 1191 1291 1245 ex
1344 1168 1712 1245 chronicis
1768 1158 2214 1265 accepimus,
2270 1170 2525 1243 terrae
2582 1170 2888 1243 sanctae
2954 1166 3210 1242 studio
3282 1166 3419 1242 fla-

548 1313 893 1407 grarunt.
952 1310 1267 1387 Saeculo
1325 1310 1614 1386 decimo
1670 1312 2033 1406 vergente
2087 1309 2214 1385 vel
2271 1309 2677 1384 undecimo
2732 1309 3049 1385 ineunte
3085 1307 3420 1406 Lyutius

546 1456 962 1531 monachus
999 1457 1257 1546 antea,
1296 1457 1562 1551 postea
1597 1453 1974 1530 Iohannes
2019 1454 2256 1529 abbas
2288 1452 2903 1551 Hierosolymam
2941 1454 3336 1550 petierunt
3370 1443 3417 1525 ¹:

547 1602 718 1674 tum
774 1599 1010 1674 etiam
1066 1598 1546 1675 Theobaldus
1601 1601 1887 1674 terram
1946 1600 2292 1674 sanctam
2357 1598 2574 1691 adiit,
2643 1622 2796 1696 qua
2867 1621 3215 1675 reversus
3285 1597 3418 1673 ab·

547 1743 686 1819 bas
739 1743 989 1818 factus
1045 1746 1186 1834 est,
1244 1746 1481 1840 atque
1536 1744 1944 1818 nonnullos
2000 1743 2292 1819 codices
2346 1742 2755 1817 transcribi
2829 1742 3253 1834 mandavit,
3330 1762 3420 1817 ex

550 1888 828 1986 quibus
866 1888 1249 1985 quoddam
1285 1887 1778 1963 Itinerarium
1819 1891 2292 1964 memoratur
2316 1883 2368 1964 ².
2417 1888 3002 1984 Peregrinorum
3042 1891 3225 1963 ante
3262 1886 3419 1963 bel-

549 2031 713 2106 lum
768 2054 1070 2108 sacrum
1123 2031 1525 2106 historiam
1581 2032 1731 2107 Leo
1790 2030 2155 2107 Ostiensis
2210 2031 2514 2127 scripsit
2529 2026 2578 2122 ³,
2638 2031 2719 2104 in
2757 2054 2909 2127 qua
2964 2030 3058 2106 de
3110 2031 3248 2105 illa
3286 2030 3425 2106 Pe-

549 2175 883 2270 regrina,
940 2172 1159 2248 cuius
1214 2172 1308 2249 de
1360 2173 1557 2247 libro
1594 2194 1798 2248 nunc
1834 2173 2118 2270 agitur,
2160 2195 2339 2247 eum
2378 2195 2533 2247 non
2571 2173 2926 2264 tacuisse,
2965 2194 3232 2248 verum
3267 2194 3424 2246 non

550 2318 832 2393 leviter
888 2316 1235 2413 attigisse
1276 2317 1499 2392 valde
1537 2320 1656 2393 est
1692 2317 2105 2413 probabile.
2134 2317 2481 2414 Denique
2519 2318 2914 2414 catalogus
2953 2338 3154 2391 anno
3220 2316 3419 2390 1532

552 2462 967 2553 confectus,
1024 2464 1106 2537 et
1158 2483 1389 2558 supra
1447 2465 1938 2552 memoratus,
1995 2462 2201 2536 inter
2255 2465 2548 2537 ceteros
2585 2460 3075 2557 codiceS,·qui
3112 2460 3211 2535 ad
3254 2460 3424 2535 loca

550 2608 819 2681 sancta
873 2607 1218 2701 spectare
1273 2604 1661 2696 videntur,
1718 2628 1962 2678 unum
2016 2604 2275 2695 refert,
2316 2604 2450 2700 qui
2505 2604 2809 2699 incipit:
2859 2607 2890 2639 “
2931 2602 3344 2719 Abbatissa
3380 2659 3412 2691 „

551 2749 768 2824 cuius
820 2747 1132 2821 initium
1189 2746 1287 2820 ad
1342 2746 2069 2842 Peregrinatiouem,
2109 2770 2340 2843 quam
2392 2745 2804 2842 prodimus,
2846 2768 2999 2820 nou
3039 2744 3424 2819 immerito

551 2889 817 2966 referri
870 2910 1091 2987 posse
1147 2889 1616 2965 arbitramur
1634 2884 1681 2964 ⁴.
1726 2888 1976 2964 Codex
2030 2911 2185 2963 non
2222 2889 2470 2963 multo
2509 2892 2706 2986 post,
2737 2889 3067 2964 fortasse
3104 2889 3423 2983 integer,

552 3032 944 3108 Arretium
1002 3032 1303 3109 delatus
1357 3036 1499 3127 est,
1557 3033 1691 3108 ubi
1747 3033 2027 3108 damna
2082 3036 2394 3130 propter
2449 3033 2995 3125 monachorum
3051 3031 3427 3107 incuriam

552 3177 887 3252 maxima
940 3179 1287 3275 pertulit.

712 3320 791 3397 Si
844 3321 1052 3397 ultro
1091 3344 1455 3418 quaerere
1509 3321 1720 3414 veliS,
1762 3322 2139 3419 quaedam
2175 3322 2323 3398 tibi
2361 3324 2817 3418 argumenta
2864 3344 3019 3397 non
3076 3321 3425 3414 deerunt,

553 3468 645 3540 ut
698 3466 1071 3541 eiusmodi
1126 3468 1631 3563 utrorumque
1713 3466 2056 3543 codicum
2119 3466 2650 3541 translationis
2725 3468 3119 3540 auctorem
3193 3465 3426 3540 fuisse

551 3605 1039 3682 Ambrosium
1094 3607 1543 3682 Rastrellini
1597 3629 1640 3682 e
1697 3607 2012 3705 Puppio,
2073 3608 2460 3682 arretinae
2516 3607 2876 3684 dioecesis
2915 3607 3216 3704 oppid0,
3255 3629 3427 3704 pos·

550 3749 653 3824 sis
707 3748 1095 3845 suspicari.
1151 3748 1228 3822 Is
1284 3749 1488 3824 enim
1526 3750 1625 3824 ab
1662 3772 1866 3824 anno
1931 3749 2128 3824 1599
2174 3749 2270 3823 ad
2309 3772 2378 3824 a.
2431 3749 2629 3823 1602
2672 3750 2911 3825 abbas
2947 3748 3102 3824 fuit
3137 3748 3428 3823 Montis

548 3890 824 3981 Casini,
882 3912 1106 3987 saepe
1161 3885 1588 3988 praefectus
1645 3891 1943 3990 studiis,
2002 3914 2301 3989 semper
2355 3892 2850 3986 gravissimae
2886 3892 2968 3966 in
3017 3913 3432 3988 congrega-

551 4032 762 4108 tione
816 4034 1304 4108 auctoritatis
1359 4032 1501 4108 vir.
1559 4034 1839 4108 Postea
1893 4033 1975 4107 in
2047 4033 2465 4108 Abbatiam
2534 4034 2951 4109 arretinam
3025 4058 3083 4110 s.
3156 4034 3431 4109 Florae

549 4178 882 4268 recessit,
914 4176 1172 4273 ibique
1213 4177 1410 4253 diem
1448 4200 1673 4252 suum
1703 4179 1980 4253 clausit
2018 4182 2444 4253 extremum
2474 4173 2523 4252 ⁵.
2563 4178 2766 4253 Illud
2805 4178 3130 4252 fortasse
3171 4180 3430 4252 animo

551 4322 713 4419 ipse
770 4323 1151 4414 versabat,
1207 4326 1381 4398 tum
1454 4346 1512 4399 s.
1589 4323 2000 4415 Hilarium,
2074 4327 2249 4398 tum
2319 4324 3028 4421 Peregrinationem
3100 4323 3199 4397 ad
3263 4322 3433 4399 loca

712 4668 732 4704 ¹
762 4668 994 4731 Petrus
1033 4669 1214 4733 Diac-
1237 4704 1318 4717 —
1340 4673 1436 4732 Dc
1475 4678 1619 4733 ortu
1658 4679 1717 4733 et
1755 4674 1928 4733 obitu
1967 4676 2278 4733 iustorum
2338 4674 2609 4732 coenobii
2670 4670 3047 4746 Cannensis,
3090 4690 3164 4754 n..
3194 4671 3437 4735 XXIII

558 4772 626 4828 et
664 4766 944 4830 XXXV.

712 4866 736 4903 ²
764 4867 1160 4931 Theobaldus
1213 4867 1339 4930 fuit
1391 4870 1584 4932 abbas
1625 4871 1703 4931 ab
1745 4890 1800 4931 a.
1846 4872 2002 4930 1022
2045 4870 2124 4932 ad
2165 4890 2221 4932 a.
2266 4870 2442 4931 1035.
2486 4869 2764 4947 Gattula‚
2808 4868 3031 4931 Chron.
3074 4889 3236 4942 mon.
3281 4868 3423 4933 Cas.

556 4965 994 5128 cap-'Lgetrus
1034 5066 1213 5129 Diac.
1235 5067 1433 5129 —De
1474 5066 1629 5128 viris
1670 5065 1896 5129 illustr.
1940 5068 2148 5130 Oasin.
2191 5088 2324 5148 cap.
2368 5070 2466 5129 30.

711 5162 737 5197 ⁴
763 5162 927 5224 Bibl.
958 5162 1162 5227 Oasin.
1193 5162 1265 5227 Τ.
1293 5165 1346 5238 Ι,
1376 5186 1437 5245 p.
1469 5163 1881 5225 LXXXVII:
1916 5187 1947 5223 ‹
1970 5166 2071 5227 De
2098 5164 2366 5228 infantia
2393 5164 2738 5226 Salvatoris
2766 5171 2830 5225 et
2856 5162 3188 5226 nativitate
3217 5183 3268 5225 s.
3296 5163 3424 5225 Ma·

547 5257 680 5321 riae
722 5266 787 5322 et
826 5261 982 5324 locis
1023 5269 1229 5326 terrae
1270 5270 1541 5341 sanctae,
1582 5263 1832 5343 incipit:
1882 5287 1913 5323 ‹
1936 5264 2201 5328 Domino
2242 5285 2354 5327 suo
2399 5288 2431 5323 ›
2478 5271 2544 5326 et
2585 5262 2855 5326 diversis
2896 5263 3060 5325 aliis.
3117 5262 3301 5325 Alius
3342 5263 3437 5324 in·

558 5357 749 5437 cipit:
795 5382 826 5418 ‹
850 5359 1164 5424 Abatissa.
1191 5386 1223 5421 ›
2490 5432 2506 5443 ⁹

709 5457 734 5493 ⁵
762 5458 1125 5540 Puccinelli,
1175 5460 1439 5523 Cronica
1468 5463 1634 5522 della
1659 5464 1872 5522 Badza
1899 5465 1967 5523 di
1992 5465 2254 5524 Firenze
2282 5484 2344 5543 p.
2375 5463 2512 5523 102.
2540 5460 2692 5522 Fuit
2717 5460 3085 5522 Ambrosius
3133 5467 3198 5522 et
3241 5460 3433 5521 abbas

551 5573 638 5617 ss.
664 5555 892 5618 Florae
922 5563 988 5618 et
1013 5556 1292 5621 Lucillae
1319 5579 1372 5620 a.
1406 5560 1582 5639 1610,
1604 5557 1811 5636 ibique
1840 5559 1995 5620 obiit
2023 5581 2077 5624 a.
2110 5563 2286 5638 1611,
2317 5558 2595 5638 Gattula,
2624 5557 2908 5623 Historia
2937 5558 3076 5619 abb.
3109 5556 3314 5619 Oasin.
3342 5555 3433 5634 11,

551 5676 697 5736 pag.
741 5656 882 5719 703.
