4642 6650
1496 775 1584 821 An
1633 773 1802 821 nocA
1835 773 2104 821 smera
2151 775 2259 821 m.
2307 779 2511 821 sss-sss
3038 798 3062 815 .
3350 752 3432 819 77

569 868 748 875 ---

562 995 643 1068 et
678 994 1122 1089 supervenit
1158 992 1549 1089 episcopus
1581 988 1600 1029 ¹
1641 1014 1816 1067 cum
1853 992 2078 1084 clero,
2119 994 2202 1067 et
2235 992 2505 1067 statim
2542 990 2970 1087 ingreditur
3005 990 3213 1065 intro
3268 1011 3434 1088 spe-

563 1120 894 1210 luncam,
951 1122 1034 1195 et
1086 1119 1179 1194 de
1235 1121 1442 1195 intro
1499 1110 1915 1195 cancellos¹
1969 1117 2302 1215 primum
2359 1118 2560 1193 dicet
2614 1118 3044 1193 orationem
3078 1138 3217 1214 pro
3273 1138 3434 1191 om·

565 1244 831 1332 nibus;
890 1246 1438 1319 commemorat
1492 1242 1730 1318 etiam
1784 1244 1943 1338 ipse
1995 1242 2332 1332 nomina,
2390 1263 2715 1338 quorum
2769 1242 2965 1332 vult,
3033 1239 3140 1315 sic
3209 1240 3439 1316 bene-

567 1368 767 1443 dicet
820 1367 1413 1444 cathecuminos·
1470 1369 1671 1444 Item
1726 1370 1927 1444 dicet
1980 1370 2432 1459 orationem,
2473 1370 2554 1443 et
2588 1366 2986 1442 benedicet
3022 1364 3303 1442 fideles,
3344 1364 3447 1440 Et

566 1477 742 1591 post
792 1496 961 1587 hoc,
1005 1497 1346 1571 exeunte
1399 1495 1745 1591 episcopo
1803 1494 1895 1568 de
1951 1493 2158 1570 intro
2214 1493 2611 1583 canceIIOS‚
2668 1512 2930 1567 omnes
3003 1490 3102 1565 ad
3166 1512 3442 1565 manus

568 1618 641 1694 ei
694 1618 1107 1707 accedunt;
1166 1622 1249 1695 et
1302 1619 1432 1693 ille
1486 1639 1614 1693 eos
1671 1640 1824 1692 uno
1881 1618 1962 1692 et
2016 1639 2170 1691 uno
2225 1616 2624 1692 benedicet
2677 1614 2933 1690 exiens
2988 1613 3167 1705 iam,
3207 1636 3299 1689 ac
3338 1613 3446 1691 sic

568 1741 661 1816 fit
713 1743 964 1833 missa,
1023 1743 1179 1817 iam
1214 1743 1384 1818 luce
1411 1734 1461 1817 ³.
1503 1742 1701 1817 Item
1738 1741 1930 1817 hora
1983 1744 2201 1816 sexta
2238 1742 2489 1816 denuo
2527 1738 2985 1816 descendent
3023 1759 3284 1814 omnes
3339 1737 3440 1812 si·

571 1868 859 1943 militer
911 1868 1013 1942 ad
1065 1867 1531 1959 Anastasim,
1587 1870 1668 1943 et
1722 1867 2084 1944 dicuntur
2137 1867 2413 1964 psalmi
2485 1867 2567 1941 et
2638 1862 3129 1960 antiphonae,
3206 1862 3445 1939 donec

572 1995 1103 2068 commonetur
1157 1991 1591 2089 episcopus:
1647 1991 2004 2066 similiter
2057 1991 2486 2082 descendet,
2536 1992 2618 2065 et
2652 2010 2807 2064 non
2844 1985 3080 2077 sedet,
3120 1988 3252 2063 sed
3287 1992 3444 2063 sta·

571 2118 718 2191 tim
771 2117 1018 2192 intrat
1072 2118 1154 2192 in
1208 2117 1578 2194 cancellos
1631 2118 1842 2192 intra
1897 2117 2363 2208 Anastasim,
2419 2117 2499 2189 id
2554 2101 2674 2192 est
2730 2118 2935 2192 intra
2981 2118 3447 2214 speluncam,

575 2243 710 2317 ubi
746 2246 829 2318 et
866 2234 1258 2321 mature⁴t
1298 2246 1379 2320 et
1405 2243 1583 2319 inde
1609 2243 1963 2319 similiter
1988 2243 2321 2340 primum
2357 2242 2545 2319 facit
2580 2245 3006 2321 orationem
3034 2266 3052 2319 t
3083 2244 3190 2319 sic
3223 2243 3452 2318 bene·

579 2366 781 2442 dicet
815 2365 1099 2460 fideles,
1138 2369 1220 2443 et
1262 2367 1370 2442 sic
1405 2366 1662 2442 exiens
1699 2366 1794 2441 de
1830 2366 2181 2442 cancellis
2209 2358 2262 2458 ⁵,
2300 2365 2654 2442 similiter
2690 2367 2761 2442 ei
2799 2367 2899 2440 ad
2932 2389 3209 2441 manus
3244 2386 3452 2439 acce·

580 2493 813 2566 ditur.
870 2491 999 2566 Ita
1051 2513 1232 2588 ergo
1287 2495 1369 2567 et
1421 2492 1612 2566 hora
1665 2514 1868 2566 nona
1921 2490 2035 2582 fit,
2092 2490 2321 2566 sicuti
2374 2493 2458 2567 et
2510 2491 2610 2565 ad
2664 2495 2902 2567 sexta.
2942 2491 3153 2567 Hora
3192 2492 3456 2565 autem

584 2616 876 2706 decima
912 2616 1148 2713 (quod
1184 2618 1580 2713 appellant
1614 2617 1738 2692 hic
1772 2615 2147 2708 licinicon,
2185 2639 2367 2718 nam
2402 2637 2541 2691 nos
2587 2614 2905 2692 dicimus
2943 2616 3372 2708 lucernare)
3400 2605 3457 2706 ⁶,

583 2741 936 2817 similiter
989 2764 1070 2817 se
1125 2743 1372 2817 omnis
1423 2742 1845 2816 multitudo
1901 2741 2211 2836 colliget
2264 2741 2364 2815 ad
2417 2740 2882 2833 Anastasim,
2939 2739 3457 2817 incenduntur

585 2889 846 2943 omnes
902 2867 1266 2942 candelae
1320 2870 1403 2943 et
1456 2866 1675 2959 cerei,
1733 2870 1817 2941 et
1869 2866 1960 2941 fit
2012 2867 2271 2942 lumen
2344 2865 2755 2942 inlinitum.
2829 2867 3122 2943 Lumen
3195 2869 3459 2941 autem

586 2992 679 3068 de
731 2993 917 3068 foris
971 3017 1126 3068 non
1180 2993 1521 3085 affertur,
1577 2993 1708 3067 sed
1763 2992 1856 3068 de
1910 2994 2269 3090 spelunca
2323 2992 2671 3068 interiori
2714 2992 3010 3092 eicitur,
3050 2992 3184 3066 ubi
3222 2995 3455 3067 noctu

587 3141 677 3193 ac
731 3119 853 3193 die
908 3141 1203 3216 semper
1254 3118 1569 3194 lucerna
1622 3120 1831 3194 lucet
1854 3109 1907 3206 ⁷,
1945 3118 2025 3191 id
2062 3122 2180 3193 est
2216 3118 2309 3193 de
2367 3119 2572 3194 intro
2628 3119 3041 3194 cancellos:
3101 3118 3463 3193 dicuntur

589 3242 824 3317 etiam
882 3242 1154 3339 psalmi
1213 3244 1667 3336 lucernares,
1725 3242 1858 3317 sed
1913 3244 1994 3316 et
2048 3242 2513 3339 antiphonae
2561 3243 2876 3318 diutius.
2915 3243 3106 3319 Ecce
3143 3245 3224 3317 et
3260 3263 3462 3318 com·

588 3373 948 3444 monetur
1002 3368 1416 3466 episcopuS,
1457 3371 1561 3461 et
1594 3368 2017 3461 descendet,
2058 3372 2139 3444 et
2175 3369 2413 3445 sedet·
2443 3393 2707 3444 susum
2733 3362 2785 3461 ⁸,
2841 3391 2983 3446 nec
3036 3392 3190 3444 non
3228 3369 3465 3446 etiam

753 3611 772 3649 ¹
814 3612 1042 3676 Utrum
1069 3612 1185 3675 hoc
1212 3619 1491 3694 tempore
1533 3613 1860 3694 episcopus
1885 3612 2466 3693 hierosolymitanus
2496 3611 2771 3693 Cyrillus
2798 3610 3007 3688 fuerit,
3038 3632 3118 3674 an
3142 3611 3468 3691 Iohannes,

589 3708 841 3774 decerni
880 3731 1004 3773 non
1042 3718 1287 3791 potest:
1329 3731 1473 3773 nam
1516 3711 1790 3791 Gyrillus
1831 3710 1987 3773 obiit
2027 3732 2185 3773 anno
2226 3713 2366 3788 386,
2393 3711 2492 3773 cui
2520 3711 2829 3775 Iohannes
2858 3708 3178 3789 successit,
3217 3711 3469 3791 plurimi

595 3829 634 3871 a
670 3808 896 3871 Rufino
936 3808 1342 3888 Aquileiensi,
1384 3809 1622 3870 minimi
1662 3810 1741 3871 ab
1780 3809 2162 3889 Hieronymo
2203 3808 2476 3872 habitus.

752 3906 778 3943 ²
816 3906 1287 3970 Monumentum
1314 3906 1549 3969 Christi
1575 3906 1807 3987 duplici
1836 3907 2130 3987 spelunca
2155 3908 2498 3986 constabat,
2526 3907 2785 3985 scilicet,
2812 3913 2887 3970 ut
2919 3906 3086 3969 infra
3111 3906 3469 3988 explicatur,

593 4024 742 4085 pars
784 4005 1054 4068 exterior
1093 4005 1173 4067 ab
1211 4005 1505 4068 interiore
1548 4005 1842 4068 cancellis
1883 4004 2107 4068 divisa.
2148 4005 2612 4084 Constantinus,
2653 4026 2838 4084 quum
2887 4025 3076 4087 super
3114 4004 3472 4086 speluncam

595 4103 894 4184 templum
935 4110 1251 4166 extrueret
1290 4102 1491 4165 forma
1529 4104 1813 4183 rotunda,
1854 4102 2126 4166 fortasse
2164 4104 2339 4165 illam
2378 4103 2794 4184 amplificavit.

757 4201 783 4237 ⁸
820 4202 1073 4263 Manum
1094 4201 1370 4281 episcopi
1391 4202 1674 4264 exeuntis
1697 4221 1731 4264 e
1754 4201 2044 4263 cancellis
2086 4201 2419 4281 speluncae
2454 4203 2890 4264 osculabantur
2916 4202 3167 4281 singuli,
3196 4211 3268 4263 ac
3293 4202 3474 4265 bene-

601 4299 933 4362 dictionem
973 4299 1377 4379 accipiebant,
1419 4297 1646 4361 deinde
1685 4298 1899 4377 missa,
1936 4319 2074 4360 cum
2114 4298 2253 4362 dies
2287 4299 2420 4378 jam
2458 4300 2821 4376 lucesceret,
2863 4299 3309 4362 celebrabatur.

761 4398 789 4434 ⁴
826 4397 952 4459 Ubi
994 4404 1060 4460 et
1100 4397 1203 4459 die
1245 4395 1561 4460 exoriente
1600 4395 1856 4460 fecerat.

760 4494 786 4530 ⁵
829 4494 980 4557 Cod.
1025 4496 1343 4557 cancellos,

760 4595 785 4632 ⁶
827 4596 915 4660 Τὸ
960 4595 1275 4685 λυχνικόν,
1321 4592 1587 4656 officium
1626 4595 2035 4675 lucernarum,
2077 4596 2180 4658 vel
2221 4595 2562 4658 lucernaris
2602 4594 2942 4674 gratiarum
2994 4593 3177 4671 acti0,
3232 4613 3270 4654 a
3322 4592 3475 4655 Gre-

602 4701 776 4780 gorio
817 4701 1107 4780 Nysseno
1146 4701 1214 4762 in
1253 4702 1389 4764 vita
1428 4722 1480 4764 s.
1522 4701 1837 4764 Macrinae
1879 4711 2368 4766 commemorata.

763 4797 789 4833 ⁷
828 4797 966 4860 Non
1007 4798 1527 4877 praetereundum
1568 4804 1683 4876 est,
1726 4798 1891 4876 quod
1917 4798 1984 4859 in
2011 4801 2319 4861 sanctiore
2351 4799 2647 4862 ecclesiae
2673 4801 2806 4862 loco
2836 4806 2982 4861 ante
3017 4804 3480 4860 monumentum

603 4897 856 4958 Domini
896 4897 1148 4959 lucerna
1188 4918 1449 4959 accensa
1488 4917 1734 4978 semper
1772 4897 2039 4974 lucebat,
2082 4897 2245 4960 sicut
2269 4898 2493 4977 religio
2524 4905 2658 4960 erat
2686 4905 2830 4960 ante
2857 4904 3197 4978 marty-rum
3222 4903 3287 4958 et
3314 4916 3482 4958 sanc-

604 5002 806 5056 torum
835 4996 1144 5075 sepulcra;
1170 5017 1351 5074 quem
1378 4996 1585 5073 ritum,
1615 4996 1963 5076 symbolum
1989 4996 2240 5059 luminis
2270 4998 2509 5059 aeterni
2536 4997 2897 5076 gratiaeque
2919 4997 3188 5075 divinae,
3219 4994 3484 5058 ecclesia

606 5091 910 5155 catholica
947 5101 1247 5173 perpetuo
1289 5100 1516 5156 tuetur.
1559 5095 1788 5156 Anton.
1831 5095 2074 5174 Martyr
2112 5094 2280 5157 idem
2320 5095 2657 5174 confirmat,
2718 5094 2980 5156 ridicula
3043 5095 3307 5172 quadam
3362 5093 3487 5173 opi-

605 5190 787 5253 nione
827 5191 1101 5253 imbutus
1144 5194 1300 5273 (cap.
1329 5192 1619 5274 XVIID:
1653 5215 1685 5250 α
1708 5192 2196 5271 Monumentum,
2219 5193 2286 5253 in
2313 5213 2434 5270 quo
2463 5213 2683 5274 corpus
2709 5194 2959 5254 Domini
2986 5193 3039 5254 Ι.
3071 5192 3182 5255 ch.
3212 5192 3485 5272 positum

605 5286 746 5366 fuit,
786 5288 854 5350 in
892 5289 1172 5351 naturale
1216 5290 1487 5352 excisum
1529 5297 1628 5352 est
1669 5298 1865 5370 petra.
1907 5290 2192 5354 Lucerna
2232 5310 2432 5369 aerea,
2474 5310 2628 5370 quae
2669 5290 2777 5352 illo
2830 5296 3109 5372 tempore
3163 5289 3245 5351 ad
3298 5297 3487 5369 caput

608 5384 808 5465 ipsius
847 5386 1055 5465 posita
1094 5385 1233 5466 fuit,
1272 5387 1362 5449 ibi
1403 5387 1583 5449 ardet
1621 5387 1726 5451 die
1765 5394 2088 5468 noctuque.
2114 5413 2145 5448 »

514 5484 518 5488 ’
772 5482 797 5519 ⁸
838 5484 1079 5564 Susum,
1120 5484 1188 5546 id
1230 5491 1331 5549 est
1355 5485 1423 5547 in
1450 5486 1746 5549 cathedra
1770 5486 1973 5550 locata
1998 5487 2064 5548 in
2091 5486 2320 5568 templo
2350 5486 2703 5569 superiore;
2730 5485 3082 5567 presbyteri
3110 5491 3316 5548 autem
3343 5483 3489 5546 hinc

609 5579 774 5660 inde,
814 5588 887 5645 ut
924 5602 1056 5646 mos
1096 5590 1213 5664 est,
1256 5583 1575 5648 sedebant.
