4642 6650
1532 749 1619 792 or.
1667 750 2020 794 MYSTERHS
2069 751 2156 794 m*
2205 751 2421 795 nrum
3332 736 3393 797 11

1506 841 1611 849 *ιιι-,-

2565 846 3010 855 ---—-——-—.

531 974 815 1061 noster,
874 970 1007 1066 qui
1080 970 1397 1045 verbum
1455 991 1629 1043 caro
1687 969 1977 1044 factum
2034 974 2175 1061 est,
2244 975 2729 1068 comparatus
2748 995 2767 1061 ;
2827 974 2958 1068 qui
3015 978 3095 1048 et
3152 976 3267 1050 ait
3325 975 3410 1049 in

534 1096 946 1193 evangeliis
978 1086 1044 1168 ¹:
1110 1098 1142 1130 “
1182 1094 1456 1169 Venite
1493 1094 1591 1168 ad
1629 1118 1747 1170 me
1787 1118 2073 1187 omnes,
2115 1096 2247 1191 qui
2283 1097 2652 1172 laboratis
2708 1101 2789 1172 et
2845 1101 3140 1173 onerati
3202 1101 3408 1192 estiS‚

532 1227 614 1298 et
670 1246 811 1318 ego
866 1244 1004 1296 vos
1066 1220 1444 1295 reficiam:
1503 1220 1757 1295 tollite
1831 1220 2096 1316 iugum
2152 1243 2413 1295 meum
2475 1244 2702 1318 super
2757 1246 2914 1313 VOS,
2974 1227 3054 1298 et
3108 1224 3399 1313 discite,

532 1350 712 1445 quia
764 1348 976 1421 mitis
1014 1369 1184 1420 sum
1222 1349 1302 1421 et
1355 1345 1665 1418 humilis
1703 1346 1966 1435 corde;
2007 1351 2089 1421 et
2142 1346 2550 1421 invenietis
2605 1349 2946 1443 requiem
3003 1349 3412 1423 animabus

532 1473 827 1549 vestris.
889 1472 1158 1567 Iugum
1221 1470 1424 1545 enim
1482 1491 1736 1544 meum
1791 1491 2026 1543 suave
2084 1474 2237 1561 est,
2267 1475 2348 1545 et
2404 1493 2594 1544 onus
2655 1494 2907 1545 meum
2949 1472 3115 1549 leve
3173 1478 3291 1547 est
3339 1530 3407 1561 „.

535 1600 751 1673 Facit
804 1619 983 1692 ergo
1040 1596 1526 1691 requiescere,
1567 1598 1649 1667 et
1706 1595 2105 1668 animabus
2160 1596 2502 1691 requiem
2558 1598 2945 1692 impertit3
2988 1601 3069 1673 et
3116 1599 3211 1672 ob
3272 1600 3413 1673 im·

535 1725 830 1798 minens
888 1721 1255 1796 iudicium
1312 1720 1390 1793 in
1448 1719 1840 1794 doctrinae
1896 1722 1976 1794 et
2031 1719 2391 1795 ecclesiae
2448 1743 2631 1795 suae
2688 1743 2944 1796 arcam
3019 1721 3275 1797 felices
3332 1725 3412 1798 et

533 1848 832 1943 genitos
890 1848 971 1920 et
1024 1846 1505 1939 nuncupatos
1564 1843 1947 1931 recondit3
2007 1847 2088 1918 et
2143 1844 2503 1940 spiritum
2559 1847 2910 1919 sanctum
2972 1846 3275 1938 tribuit,
3334 1850 3414 1922 et

537 1972 889 2063 moritur,
952 1974 1032 2045 et
1099 1968 1501 2060 inridetur,
1562 1971 1643 2043 et
1698 1969 2053 2064 resurgit,
2113 1972 2195 2043 et
2248 1970 2586 2043 humano
2657 1970 2914 2066 generi
2985 1975 3192 2046 recte
3246 1994 3411 2067 per·

535 2119 892 2194 peramve
970 2098 1361 2192 gestorum
1435 2116 1759 2190 poenam
1832 2093 2616 2169 sanctificationemve
2691 2095 3118 2170 constituit.
3177 2096 3277 2170 Et
3337 2099 3413 2170 in

539 2245 627 2298 eo
686 2222 990 2317 quidem
1030 2243 1204 2295 cum
1242 2242 1498 2293 arcam
1556 2219 1853 2315 ingredi
1910 2223 2051 2293 aut
2105 2221 2361 2317 egredi
2402 2243 2494 2295 ex
2550 2244 2640 2296 ea
2695 2221 2859 2295 Noe
2915 2222 3247 2312 iubetur,
3288 2247 3408 2297 ra-

534 2349 647 2421 tio
705 2347 1062 2421 ecclcsiae
1102 2343 1727 2419 sanctificationis
1785 2348 1903 2419 est
1959 2345 2437 2420 conferenda.
2500 2345 2883 2441 Scriptum
2940 2348 3142 2421 enim
3199 2351 3317 2423 est
3345 2342 3411 2422 ²:

546 2476 577 2508 “
628 2471 992 2545 Introibis
1064 2473 1330 2545 autem
1404 2493 1658 2545 arcam
1734 2473 1848 2561 tu,
1928 2473 2008 2545 et
2064 2470 2201 2543 filii
2255 2472 2397 2561 tui,
2457 2475 2537 2545 et
2590 2494 2785 2545 uxor
2837 2475 3019 2563 tua,
3078 2476 3157 2547 et
3228 2496 3413 2548 uxo·

536 2619 653 2672 res
711 2597 1044 2671 filiorum
1096 2600 1410 2670 tuorum
1455 2649 1523 2689 „.
1574 2604 1587 2686 1
1637 2595 1738 2667 Ε13
1791 2617 2099 2668 rursum
2135 2586 2203 2668 3:
2284 2599 2314 2630 “
2354 2594 2568 2668 Dixit
2631 2595 3002 2669 Dominus
3060 2596 3262 2671 Deus
3317 2598 3413 2671 ad

535 2721 700 2797 Noe
758 2722 1053 2797 dicens:
1114 2723 1253 2795 Exi
1309 2723 1400 2797 de
1457 2744 1633 2796 arca
1687 2724 1802 2813 tu,
1863 2722 1942 2795 et
2000 2742 2189 2794 uxor
2243 2724 2405 2811 tua,
2474 2724 2554 2795 et
2610 2720 2748 2794 filii
2802 2722 2946 2812 tui,
3006 2727 3086 2797 et
3142 2746 3416 2799 uxores

537 2848 870 2921 filiorum
924 2852 1244 2922 tuorum
1302 2905 1365 2937 „.
1428 2847 1707 2922 Sexum
1765 2870 2020 2921 arcam
2095 2847 2690 2941 ingredientium
2765 2848 3093 2923 invicem
3149 2850 3413 2940 sociat,

537 2972 878 3048 virorum
937 2973 1034 3046 ad
1090 2974 1369 3064 virum,
1429 2973 1840 3045 mulierum
1900 2971 1998 3044 ad
2055 2971 2491 3045 foeminam.
2559 2971 3055 3048 Continentes
3129 2976 3417 3050 scilicet

537 3096 928 3171 ecclesiam
983 3096 1438 3170 introituros
1495 3091 1901 3192 696113616*ι
1941 3117 2101 3170 6666
2157 3096 2612 3191 significanS,
2671 3097 2790 3169 sui
2835 3100 3102 3193 postea
3140 3122 3413 3172 unum·

538 3232 916 3317 quemque
971 3222 1301 3316 coniugii
1340 3220 1635 3315 copiam
1691 3223 2203 3315 recepturum,
2246 3242 2416 3294 cum
2458 3224 2580 3294 ter
2626 3224 2745 3295 est
2782 3222 3053 3296 emissa
3080 3213 3147 3296 ⁵:
3190 3227 3269 3298 et
3307 3246 3419 3299 sc-

537 3372 774 3446 quens
847 3349 1154 3445 quidem
1230 3348 1532 3423 emissio
1589 3369 1743 3421 non
1812 3347 2194 3422 incertum
2252 3351 2370 3422 est
2426 3347 2608 3442 quid
2682 3348 3166 3444 praefiguret.
3230 3350 3420 3425 Cum

536 3466 839 3550 6111766ὃ
892 3496 1224 3569 namque
1284 3472 1691 3547 fructuosis
1749 3472 1951 3546 foliis
2006 3472 2449 3563 revertitur,
2509 3495 2663 3547 non
2718 3472 2872 3546 iam
2940 3498 3173 3548 manu
3231 3478 3416 3551 reci·

536 3599 832 3693 pienda,
902 3598 1034 3672 sed
1106 3598 1484 3673 revolans
1545 3597 1955 3693 Impletum
2033 3600 2296 3670 autem
2370 3597 2579 3671 istud
2652 3600 2792 3688 est,
2862 3620 3035 3672 cum
3112 3605 3418 3697 66669136

535 3727 797 3798 sancto
837 3724 1111 3818 spiritu
1169 3722 1661 3819 septuaginta
1718 3723 2089 3818 discipuli,
2131 3722 2229 3795 ad
2284 3722 2876 3819 praedicandum
2934 3726 3421 3820 evangelium

535 3849 812 3939 emissi,
853 3871 1025 3923 cum
1064 3848 1309 3942 gloria
1366 3847 1851 3921 subditorum
1890 3847 2031 3921 sibi
2087 3846 2657 3920 immundorum
2701 3847 3117 3943 spirituum
3156 3872 3409 3926 rever-

536 3977 850 4047 tuntur:
911 3973 1249 4046 fructum
1306 3972 1868 4046 misericordiae
1924 3972 2086 4062 Dei,
2146 3973 2279 4067 qui
2337 3971 2807 4068 significatus
2864 3974 2942 4047 in
3012 3974 3218 4050 oliva
3275 3977 3418 4066 est,

535 4102 796 4173 sancto
853 4098 1129 4194 spiritu
1184 4100 1653 4193 reportante,
1692 4100 1773 4171 et
1829 4097 2012 4193 quia
2069 4097 2631 4171 discedentibus
2678 4098 2796 4171 his
2851 4101 3117 4195 postea
3176 4123 3222 4174 6
3262 4101 3417 4176 Do·

537 4224 743 4298 mino
797 4223 1093 4296 nullam
1148 4224 1386 4295 etiam
1444 4223 1781 4316 requiem
1841 4226 2041 4296 esset
2095 4222 2526 4296 habiturus.
2597 4221 2783 4295 Cum
2840 4224 3098 4298 fructu
3152 4229 3419 4300 tamen

536 4350 634 4423 ad
686 4348 863 4423 Noe*
907 4347 1260 4423 columba
1314 4346 1735 4422 revolavit:
1795 4347 2227 4442 significans
2283 4368 2418 4442 per
2473 4348 2550 4421 id
2605 4347 2687 4420 in
2744 4347 2998 4422 reditu
3057 4351 3420 4442 secunde,

535 4478 614 4550 et
669 4474 1030 4549 subiectis
1087 4472 1460 4547 demoniis
1516 4471 1763 4546 sancti
1818 4472 2133 4568 spiritus
2188 4471 2554 4564 fructum,
2613 4474 2696 4545 613
2753 4472 3317 4548 discedentibus
3376 4499 3423 4549 a

534 4599 859 4673 Domino
918 4597 1300 4694 discipulis
1357 4596 1821 4671 consistendi
1876 4597 2126 4672 adhuc
2181 4619 2264 4672 re
2296 4590 2320 4632 ⁷
2922 4598 3181 4672 Tertia
3238 4622 3419 4676 vero

536 4725 835 4800 emissio
891 4726 1126 4820 atque
1183 4723 1520 4798 evolatio
1596 4722 2163 4798 habitationem
2218 4723 2408 4812 eius,
2453 4743 2651 4818 quae
2689 4722 2768 4795 in
2826 4723 3218 4799 credentes
3274 4729 3421 4816 6613,

535 4849 1026 4946 praeformat,
1084 4849 1360 4944 spiritu
1416 4850 1682 4922 sancto
1758 4847 2032 4922 emisso
2089 4847 2170 4921 in
2248 4849 2653 4922 aeternum
2732 4847 3071 4923 fidelium
3145 4849 3422 4923 animis

537 4977 1061 5071 permanente.
1119 4973 1287 5046 Iam
1342 4995 1527 5049 vero
1584 4972 1676 5048 de
1731 4972 1992 5047 fructu
2055 4973 2458 5069 plantatae
2514 4973 2784 5048 vineae
2861 4975 3192 5048 ebrietas
3248 4999 3422 5070 pas-

696 5296 714 5330 ¹
747 5287 971 5348 Matth.
1013 5286 1132 5366 XI,
1176 5306 1235 5347 v,
1266 5287 1448 5346 28-30
1479 5321 1552 5332 —
1583 5294 1606 5327 ²
1636 5285 1863 5348 GeneS.
1905 5285 2052 5363 VII,
2092 5288 2124 5345 1
2160 5321 2236 5331 ——
2264 5293 2285 5324 ⁸
2317 5285 2542 5346 Genea.
2587 5286 2734 5366 VH,
2779 5288 2857 5348 15
2909 5321 2972 5332 -·
3019 5294 3043 5327 ⁴
3074 5292 3422 5367 opportere.

538 5422 607 5432 —
654 5396 677 5428 ⁵
709 5385 965 5465 Supple:
1008 5384 1288 5446 columba
1330 5420 1401 5431 —
1447 5393 1471 5426 ⁶
1502 5384 1701 5445 olibae
1729 5418 1811 5430 —
1838 5393 1858 5424 ⁷
1889 5385 2064 5445 Haec
2089 5383 2308 5445 lacuna
2335 5383 2400 5444 in
2434 5381 2645 5445 codice
2680 5384 3092 5464 periodusque
3121 5404 3424 5464 suspensa

532 5487 757 5552 bonum
796 5486 1093 5564 praebent
1135 5489 1578 5563 argumentum,
1618 5490 1691 5545 ut
1729 5481 1807 5544 de
1850 5481 2180 5545 scribentis
2220 5481 2524 5545 fidelitate
2567 5489 2749 5564 atque
2790 5482 2869 5545 de
2911 5482 3278 5568 exemplaris
3324 5503 3428 5548 ve·

534 5589 772 5646 tustate
814 5581 1198 5644 arbitremur.

3473 2601 3544 2656 10
