4642 6650
1165 783 1291 864 136
2335 801 2533 858 purat
2578 801 2853 858 macom

1158 1033 1590 1130 appellatur
1642 1033 1929 1128 Bomon,
1972 1033 2056 1106 in
2110 1055 2264 1130 qua
2316 1032 2603 1109 Foenix
2655 1035 2833 1129 post
2885 1031 3342 1129 quingentos
3398 1053 3636 1105 annos
3690 1028 4036 1104 residere·
4154 1133 4165 1140 ·

1155 1161 1641 1235 consuevit.
1594 1150 1613 1191 ¹

1312 1285 1650 1382 Aegypti
1703 1289 1967 1359 autem
2023 1308 2197 1360 cum
2232 1285 2391 1358 sint
2428 1282 2917 1358 ubertissima
2951 1282 3144 1375 loca,
3183 1286 3447 1358 tamen
3502 1304 3702 1378 quae
3754 1281 4028 1356 tenue·

1129 1409 1338 1485 ‘runt
1390 1410 1529 1484 filii
1582 1409 1820 1486 Israel
1856 1413 2040 1485 sunt
2072 1381 2477 1485 meliora2.
2527 1408 2713 1484 Pars
2750 1407 3104 1499 Arabiae,
3144 1431 3339 1505 quae
3394 1408 3743 1504 iungitur
3798 1405 4022 1481 Pale·

1155 1538 1424 1626 stinae,
1477 1536 1990 1612 inaccessibile
2045 1536 2194 1611 iter
2247 1535 2506 1627 habet,
2562 1557 2745 1608 nam
2798 1534 2981 1610 licet
3014 1533 3535 1608 mansionibus
3591 1530 4024 1660 quindecim

1157 1686 1256 1737 a..
1265 1665 1468 1752 ..,eat
1525 1662 1692 1737 loca
1743 1665 2007 1736 tamen
2060 1661 2224 1757 ipsa
2279 1660 2444 1736 sine
2498 1683 2700 1756 aqua
2753 1663 3024 1735 sunt.
2973 1654 3001 1697 ³

1319 1788 1438 1863 Ab
1493 1788 1909 1864 Ierusalem
1961 1791 2227 1862 autem
2295 1809 2536 1883 usque
2591 1787 2690 1861 ad
2759 1790 3101 1863 montem
3177 1790 3527 1863 sanctum
3583 1784 3790 1882 Syna
3845 1787 4029 1859 sunt

1159 1916 1587 1989 mansiones
1642 1913 1919 2010 viginti
1976 1906 2206 1988 duo‘².
2274 1913 2626 1989 Pelusius
2691 1934 2873 1988 vero
2927 1913 3369 2010 metropolis
3425 1915 3544 1988 est
3594 1911 4027 2008 provinciae

1157 2041 1705 2137 Augustanice.
1744 2039 2350 2136 Augustamnica
2386 2042 2650 2115 autem
2688 2039 3079 2135 provincia
3115 2039 3197 2112 in
3232 2038 3535 2136 Egypto
3564 2042 3761 2113 est.
3709 2029 3738 2072 ⁵
3792 2036 3860 2111 A
3888 2037 4026 2111 Pe-

1159 2167 1357 2242 lusio
1411 2170 1675 2242 autem
1728 2187 1967 2261 usque
2022 2165 2121 2240 ad
2173 2168 2519 2242 montem
2573 2164 2780 2262 Syna
2826 2168 3009 2240 sunt
3062 2167 3494 2241 mansiones
3548 2162 3948 2239 duodecim
3973 2154 4026 2236 ⁶.

1156 2293 1361 2367 Ante
1417 2315 1648 2388 quam
1703 2281 1902 2366 'vero
1975 2292 2376 2387 pervenias
2455 2289 2554 2365 ad
2629 2292 2971 2366 montem
3044 2290 3225 2394 Sina
3288 2291 3621 2366 occurrit
3692 2292 4027 2364 castrum

1158 2416 1452 2492 Clesma
1506 2438 1735 2513 super
1788 2397 1999 2492 mare
2052 2418 2398 2509 rubrum,
2438 2418 2571 2491 ubi
2608 2416 2748 2490 filii
2783 2416 3022 2492 Israel
3057 2417 3251 2492 sicco
3306 2415 3496 2512 pede
3549 2414 4024 2489 transierunt

1156 2566 1366 2619 mare
1391 2534 1443 2617 ⁷.
1483 2542 1826 2639 Vestigia
1880 2547 2143 2618 autem
2199 2565 2465 2618 currus
2511 2543 2933 2617 Pharaonis
2988 2542 3069 2615 in
3125 2542 3391 2617 mediis
3447 2541 3697 2616 arenis
3751 2544 4025 2638 parent

1162 2692 1401 2766 usque
1455 2668 1537 2742 in
1589 2668 2164 2763 sempiternum.
2238 2668 2486 2744 Rotae
2558 2672 2824 2742 autem
2877 2668 3087 2762 ipsae
3142 2668 3345 2743 inter
3400 2688 3479 2742 se
3533 2665 3783 2740 multo
3857 2665 4028 2763 plus

1160 2798 1461 2904 parent,
1517 2818 1749 2890 quam
1803 2817 2071 2870 currus
2104 2795 2470 2892 temporis
2508 2794 2775 2886 nostri,
2818 2793 2950 2889 qui
2986 2815 3189 2869 nunc
3227 2793 3307 2866 in
3341 2814 3657 2867 romano
3712 2791 4028 2888 imperio

1161 2920 1361 2994 fiunt
1395 2913 1443 2993 ⁸.
1501 2919 1702 2993 Nam
1755 2919 1958 2994 inter
2009 2922 2263 2993 rotam
2318 2920 2399 2995 et
2452 2921 2705 2994 rotam
2740 2919 3019 3015 viginti
3058 2920 3139 2993 et
3186 2921 3521 3015 quatuor
3557 2916 3784 3014 pedes
3824 2919 3904 2991 et
3939 2938 4028 2991 eo

1325 3088 1346 3124 ¹
1386 3089 1658 3151 Hebraei
1699 3095 2104 3168 auctoresque
2144 3088 2386 3168 antiqui
2423 3089 2614 3169 vulgo
2653 3087 2825 3152 mille
2848 3089 3019 3151 vitae
3057 3107 3254 3151 annos
3286 3086 3581 3151 Phoenici
3608 3086 4031 3167 assignabant,

1160 3188 1434 3251 Bochart
1471 3189 1720 3254 Hieroz.
1761 3189 1802 3249 l.
1845 3177 2052 3268 V1,'0.
2096 3189 2152 3249 5.

1317 3286 1342 3323 ²
1382 3287 1701 3350 Transivit
1741 3287 2083 3367 Peregrina
2144 3308 2259 3369 per
2318 3294 2549 3351 terram
2596 3287 2837 3354 Gessen
2900 3295 3114 3352 secuta
3172 3287 3357 3365 viam,
3404 3309 3436 3347 ‹
3478 3305 3637 3366 quae
3696 3283 3895 3348 mittit
3950 3283 4032 3346 de

1160 3385 1481 3448 Thebaida
1517 3387 1589 3447 in
1630 3386 1889 3449 Pelusio
1912 3409 1946 3447 ι
1987 3395 2060 3449 ιιι
2099 3388 2239 3467 ipsa
2292 3388 2582 3468 scripsit:
2629 3410 2661 3447 ι
2685 3388 2847 3451 Sane
2886 3388 3037 3451 licet
3087 3396 3318 3450 terram
3359 3387 3559 3449 Gesse
3599 3385 3723 3447 iam
3767 3404 4031 3463 nossem,

1156 3484 1223 3545 id
1274 3492 1375 3547 est
1425 3484 1670 3563 quando
1727 3484 2038 3565 primitus'
2068 3484 2149 3547 ad
2199 3486 2517 3566 Egyptum
2568 3485 2807 3548 sueram
2849 3509 2905 3548 ι.
2949 3487 3035 3547 Ει
3086 3486 3209 3549 alio
3257 3470 3433 3548 loco:
3491 3507 3523 3544 ι
3566 3484 3763 3547 Terra
3810 3484 4031 3561 Gesse,

1157 3604 1316 3663 quae
1356 3590 1570 3646 tamen
1614 3592 1784 3646 terra
1822 3583 2059 3663 Egypti
2099 3604 2245 3664 pars
2287 3591 2404 3661 eet,
2447 3584 2562 3648 sed
2601 3586 2818 3648 melior
2858 3585 3016 3648 satis
3058 3605 3242 3664 quam
3283 3583 3479 3647 omnis
3520 3584 3809 3663 Egyptus
3849 3588 3949 3645 est
3975 3603 4031 3641 ι.

1316 3681 1342 3718 ³
1383 3683 1481 3743 Ex
1517 3681 1622 3744 his
1663 3681 1874 3745 verbis
1917 3682 2116 3744 oritur
2158 3681 2428 3760 dubium,
2470 3691 2677 3745 utrum
2715 3683 3057 3763 Peregrina
3096 3685 3175 3745 ab
3213 3684 3510 3763 Aegypto
3556 3703 3670 3763 per
3720 3680 4036 3743 desertum

1163 3779 1475 3842 arabicum
1515 3800 1773 3842 reversa
1800 3780 1918 3842 sit:
1945 3800 2467 3861 supervacaneum
2495 3783 2658 3845 enim
2683 3782 2910 3846 fuisset
2935 3781 3284 3846 mansiones
3320 3800 3693 3857 enumerare,
3721 3779 3849 3842 nisi
3874 3776 4034 3840 illud

1160 3877 1285 3941 iter
1321 3866 1754 3942 inaccessibile
1795 3879 2191 3943 absolvisset.

1319 3976 1349 4021 ⁴
1385 3978 1488 4039 Ab
1527 3978 1874 4042 Ierusalem
1914 3979 1995 4041 ad
2034 3988 2306 4042 montem
2348 3981 2540 4061 Synai
2601 3980 2948 4043 mansiones
2994 3979 3225 4060 viginti
3280 3986 3347 4041 et
3398 3976 3562 4041 dnae
3608 3977 4034 4056 adsignantur,

1155 4076 1562 4167 pergentibus
1603 4083 1814 4153 tamen
1841 4097 2036 4154 usque
2064 4076 2145 4139 ad
2172 4078 2552 4159 Aegyptum,
2578 4087 2643 4141 et
2670 4079 3142 4141 transeuntibus
3170 4098 3285 4158 per
3310 4077 3635 4140 Pelusium
3661 4083 3728 4138 et
3748 4074 4036 4155 Clysma:

1157 4195 1300 4238 nam
1339 4177 1418 4237 ab
1456 4177 1804 4239 Ierusalem
1843 4177 2169 4241 Pelusium
2209 4177 2444 4257 decem,
2487 4199 2527 4240 a
2564 4177 2821 4241 Pelusio
2862 4177 2944 4239 ad
2983 4183 3255 4240 montem
3276 4176 3470 4257 Synai
3511 4173 3835 4238 duodecim
3873 4192 4038 4234 man·

1155 4274 1365 4336 siones
1405 4282 1598 4337 erant.

1315 4371 1340 4408 ⁶
1377 4373 1808 4452 Augustanica
1848 4372 2129 4455 Aegypti
2167 4376 2503 4457 provincia,
2546 4375 2724 4438 cuius
2770 4375 3130 4456 metropolis
3183 4373 3498 4436 Pelusius.
3541 4368 4034 4452 Augustamnica

1157 4471 1325 4551 apud
1381 4466 1774 4545 Ammianum
1830 4473 1999 4536 dicta
2053 4474 2120 4555 (l,
2162 4474 2387 4557 XXII,
2427 4497 2480 4539 c.
2526 4477 2649 4557 16),
2709 4482 2775 4537 et
2816 4474 3315 4567 Ἀυγουστανικὴ
3377 4472 3544 4555 apud
3598 4469 4034 4545 Iustinianum,

1160 4577 1405 4667 Noveu.
1445 4579 1628 4660 Vm,
1670 4583 1730 4661 §-
1772 4583 1851 4642 33
1895 4589 1961 4644 et
1999 4583 2098 4643 37.
2189 4566 2200 4577 '
3388 4618 3405 4633 .
3634 4564 3647 4575 '

1320 4678 1346 4715 ⁶
1384 4678 1585 4741 Recta
1622 4679 1918 4769 isthmum
1957 4681 2263 4760 percurrit
2303 4682 2467 4759 Per„
2508 4682 2576 4743 id
2615 4690 2714 4744 est
2752 4702 2792 4745 a
2828 4680 3083 4744 Pelusio
3124 4680 3207 4743 ad
3235 4680 3507 4761 Clysma,
3532 4686 3597 4742 et
3641 4700 3677 4741 a
3718 4677 4035 4757 Clysmate

1159 4775 1244 4838 ad
1275 4784 1545 4838 montem
1587 4776 1795 4857 Synai.
1838 4779 1994 4841 Eius
2033 4779 2277 4842 itineris
2318 4780 2673 4842 mansiones
2714 4800 2753 4841 a
2780 4779 3100 4859 Clysmate
3126 4778 3207 4841 ad
3235 4778 3558 4840 Pelusium
3596 4776 3663 4837 in
3702 4773 4036 4836 Itinerario

1162 4874 1463 4937 Antonini
1503 4874 1597 4937 ita
1637 4875 2045 4939 adnotantur.
2092 4901 2124 4938 ε
2168 4878 2422 4958 Clysma
2461 4878 2722 4958 Sarapin
2761 4899 2842 4939 m.
2882 4898 2944 4957 p.
2974 4878 3030 4939 L
3069 4875 3525 4938 -s-Thnubasio
3567 4896 3644 4936 m.
3674 4894 3733 4956 p.
3763 4873 3933 4936 VIH
3959 4907 4039 4918 -—-

1166 4972 1978 5054 Silem.p.-—XXVHI
2017 4974 2445 5073 Magdalozq.
2498 4972 3677 5058 p.XH—Pelusiom...pXII›
3643 4970 4039 5045 »Ῑιιιοιιιιιι

1162 5091 1243 5132 ιιι.
1284 5091 1345 5150 p.
1388 5064 1522 5134 CX.
1589 5072 1715 5136 Sed
1751 5074 2051 5154 Agrippa,
2114 5083 2187 5136 ιιι
2245 5075 2493 5139 Plinius
2552 5075 2749 5139 refert
2811 5076 2916 5158 (H.
2958 5075 3037 5137 N.
3078 5075 3120 5136 1.
3163 5074 3277 5150 VI,
3318 5094 3371 5135 c.
3417 5074 3540 5155 13),
3582 5092 3619 5132 a
3658 5069 3915 5132 Pelusio
3958 5067 4039 5129 ad

1164 5170 1515 5251 Arsimem,
1556 5192 1713 5250 quae
1752 5192 1878 5237 non
1916 5173 2099 5251 longe
2143 5195 2180 5235 a
2220 5173 2539 5252 Clysmate
2576 5173 2831 5251 locatur,
2873 5172 3071 5233 millia
3110 5192 3169 5251 p.
3216 5170 3462 5234 CXXV
3522 5166 3918 5247 computavit.
3960 5163 4041 5225 Id

1165 5267 1560 5330 intervallum
1601 5276 1826 5346 aequat
1863 5270 2153 5332 milliaria
2189 5269 2601 5350 geographica
2627 5270 2928 5332 hodierna
2954 5269 3165 5347 LXV;
3192 5267 3264 5345 id
3290 5265 3456 5347 quod
3482 5266 3674 5329 situm
3702 5262 4041 5344 Clysmatis

1135 5365 1231 5425 -in
1271 5364 1428 5428 Suez
1470 5365 1804 5428 confirmat.

1325 5463 1349 5499 ⁷
1390 5465 1487 5530 De
1528 5472 1732 5527 castro
1776 5466 2024 5528 Clesma
2062 5466 2168 5530 vel
2208 5466 2526 5546 Clysmate
2566 5469 2714 5532 vide
2755 5468 3327 5549 Peregrinationem
3367 5487 3508 5581 pag.
3549 5466 3650 5545 45,
3690 5467 3789 5526 46.

1127 5646 1132 5651 Ι
1326 5561 1351 5597 ⁸
1391 5563 1838 5626 Animadverte
1878 5565 2179 5661 temporis
2219 5574 2467 5627 notam:
2513 5590 2545 5627 ς
2606 5569 2905 5647 temporis
2959 5567 3179 5643 nostri,
3234 5587 3397 5628 nunc
3448 5567 3516 5627 in
3564 5584 3814 5628 romano
3853 5563 4044 5643 impe-

1173 5660 1268 5720 aio
1311 5684 1366 5720 ι».
1397 5663 1612 5741 Vulgo
1652 5670 1798 5725 tunc
1838 5684 2054 5728 currus
2094 5664 2439 5729 Pharaonis
2478 5667 2752 5745 vestigia
2791 5667 3095 5730 mansisse
3136 5673 3201 5728 et
3241 5666 3512 5747 conspici
3558 5662 3937 5745 putabantur
3975 5661 4044 5724 in
