4642 6650
1126 2980 1193 3036 11

1258 707 1341 771 12
2513 727 2567 774 6.
2615 728 2871 774 1111111611

1254 945 1489 1020 6101116
1546 947 1666 1019 est
1719 944 2024 1041 species,
2065 944 2387 1020 Vineam
2441 945 2645 1019 enim
2699 967 2790 1019 ex
2849 944 3200 1042 Aegypto
3228 939 3250 980 ¹
3310 950 3716 1024 transtulit
3769 954 3851 1026 et
3904 953 4125 1048 plan·

1254 1071 1460 1145 tavit
1513 1071 1929 1160 Dominus;
1994 1073 2077 1144 et
2130 1060 2532 1144 rursum²t
2608 1074 2639 1106 “
2690 1069 3010 1145 Vineam
3077 1071 3385 1147 Domini
3465 1067 3807 1149 Sabaoth
3864 1076 4134 1152 domus

1254 1198 1493 1270 Israel
1549 1200 1666 1272 est
1714 1254 1779 1285 ,,.
1837 1197 1948 1269 Ex
2024 1197 2377 1292 operibus
2433 1197 2639 1270 enim
2703 1197 3069 1271 translati
3134 1201 3215 1273 et
3291 1199 3628 1295 plantati
3701 1202 3960 1298 populi
4014 1205 4135 1277 sui

1254 1322 1621 1418 passionis
1677 1325 1795 1396 est
1850 1343 2118 1396 causa:
2178 1344 2414 1417 quam
2465 1321 2633 1395 Noe
2689 1323 3144 1397 ebrietatem
3183 1324 3248 1395 si
3303 1323 3502 1398 forte
3546 1324 3716 1420 quis
3756 1347 3910 1399 non
3963 1348 4132 1421 per·

1253 1437 1553 1521 tinere³
1611 1446 1709 1519 ad
1763 1448 2088 1543 speciem
2145 1446 2566 1521 dominicae
2636 1447 2902 1520 mortis
2959 1447 3457 1540 existimavit,
3519 1448 3610 1522 de
3667 1471 4131 1546 consequen-

1251 1571 1462 1645 tibus
1535 1576 1924 1667 arguetur,
1999 1595 2463 1667 quamquam
2523 1575 2837 1668 potatus
2892 1572 2972 1646 in
3046 1574 3463 1669 evangeliis
3532 1574 3730 1648 calix
3805 1579 4134 1651 mortem

1253 1696 1621 1792 passionis
1659 1696 2039 1771 ostendat.
2082 1697 2262 1773 Tres
2301 1700 2563 1772 autem
2603 1697 2740 1771 filii
2782 1721 2957 1773 cum
2995 1703 3277 1789 essent,
3317 1700 3506 1773 nudi
3543 1701 3855 1775 nuditas
3892 1701 4134 1797 patris

1251 1820 1549 1895 ridetur
1602 1821 1700 1894 ab
1755 1844 1934 1912 11110,
1993 1824 2074 1897 et
2144 1846 2450 1897 rursum
2526 1823 2966 1918 contegitur
3020 1847 3068 1897 a
3143 1824 3483 1899 duobus:
3544 1825 3675 1900 sed
3739 1848 3916 1900 cum
3966 1826 4132 1914 ‚duo

1250 1945 1749 2020 unianimiter
1821 1947 2196 2021 texerint:
2254 1947 2662 2022 maledicto
2717 1949 2998 2042 tertio,
3060 1949 3141 2022 in
3210 1949 3510 2024 duobus
3565 1954 3829 2026 tamen
3886 1952 4132 2047 operis

1250 2071 1478 2143 unius
1534 2071 1836 2146 diversa
1888 2072 2316 2147 benedictio
2373 2074 2512 2147 est.
2575 2066 2735 2146 Sub
2793 2068 2934 2147 his'
2965 2077 3232 2150 autem
3289 2075 3537 2149 tribus
3584 2074 3761 2150 filiis
3816 2077 4130 2152 univer·

1251 2196 1438 2269 sitas
1510 2196 1902 2270 hominum
1987 2200 2505 2281 monstratur:
2563 2197 2641 2271 id
2696 2200 2816 2273 est
2881 2199 3022 2273 sub
3097 2199 3265 2295 1636
3343 2199 3798 2293 viventium,
3856 2205 3937 2275 et
3990 2201 4132 2276 sub

1248 2321 1501 2419 gratia
1554 2322 2166 2415 iustificatorum,
2224 2327 2305 2398 et
2359 2326 2729 2420 gentium,
2790 2346 2883 2398 ex
2941 2324 3219 2421 quibus
3276 2326 3629 2420 gentium
3682 2328 4009 2402 mortem

1413 2571 1893 2664 (Exciderunt
1945 2576 2082 2647 dno
2128 2574 2306 2666 folia
2361 2582 2423 2649 et
2485 2577 2749 2668 integer
2803 2577 3146 2659 secundus
3204 2577 3582 2670 quaternio,
3651 2577 3792 2650 sive
3835 2575 4135 2669 payinae

1570 2698 1814 2793 viginti
1867 2700 2140 2792 desunt)

1293 2952 1307 3044 Ι
1357 2952 1909 3048 proprietatem
1966 2952 2293 3027 nominis
2363 2953 2593 3026 huius
2670 2952 3052 3047 scriptura
3126 2951 3708 3047 interpretante.
3766 2951 3867 3026 Et
3938 2950 4134 3025 dixit

1248 3079 1450 3153 Esau
1507 3079 1605 3152 ad
1660 3078 1884 3153 Iacob
1915 3070 1982 3152 ⁴:
2032 3081 2064 3114 “
2111 3078 2231 3152 Da
2268 3077 2456 3150 mihi
2496 3080 2809 3173 gustare
2850 3077 2941 3152 de
2984 3080 3300 3151 coctura
3338 3077 3503 3167 hac,
3545 3078 3727 3173 quia
3765 3076 4031 3151 deficio
4063 3133 4128 3164 „.

1249 3203 1572 3299 Propter
1625 3203 1769 3278 hoc
1823 3204 2293 3299 appellatum
2351 3204 2469 3277 est
2524 3224 2800 3277 nomen
2857 3202 3020 3275 eius
3066 3201 3332 3276 Edom.
3392 3201 3801 3275 Primitiva
3859 3199 4132 3276 deinde

1248 3351 1387 3402 sua
1442 3330 1539 3403 ob
1597 3328 1846 3403 cibum
1904 3328 2274 3418 vendidit,
2335 3328 2618 3403 dicens:
2678 3332 2710 3363 “
2777 3327 2964 3402 Ecce
3030 3349 3170 3423 ego
3229 3325 3538 3418 morior,
3598 3329 3679 3400 et
3739 3348 3890 3422 quo
3945 3325 4134 3399 mihi

1249 3452 1386 3526 hos
1442 3454 1860 3549 primatus?
1909 3510 1940 3543 „
2004 3454 2096 3527 In
2133 3453 2591 3549 primatibus
2628 3453 2817 3528 haec
2855 3452 3058 3548 apud
3097 3455 3395 3528 veteres
3439 3455 3608 3527 erat
3646 3452 4003 3547 dignitaS,
4041 3455 4133 3524 ut

1251 3578 1563 3653 domum
1616 3581 1983 3674 paternae
2021 3580 2475 3654 hereditatis
2513 3578 3065 3674 primogenitus
3122 3579 3509 3673 optineret
3564 3578 3957 3669 fratribus,
3998 3575 4130 3673 qui

1250 3704 1601 3800 deinceps
1657 3708 1911 3778 essent
1965 3704 2037 3778 ei
2091 3703 2403 3779 subditi.
2444 3703 2645 3798 Ergo
2703 3725 2878 3777 cum
2927 3702 3005 3775 in
3043 3725 3357 3799 corpore
3393 3703 3835 3778 viventibus
3871 3702 4129 3798 primi-

1249 3831 1591 3906 tivorum
1631 3830 1963 3924 dignitas
2001 3830 2093 3904 de
2128 3831 2286 3904 vita
2324 3831 2452 3920 sit,
2495 3851 2727 3924 quam
2765 3830 2906 3903 sub
2964 3813 3609 3925 praefiguratione
3663 3828 3923 3925 populi
3962 3828 4129 3901 infi-

1250 3955 1437 4029 delis
1479 3953 1680 4027 Esau
1719 3955 1812 4029 ob
1857 3953 2195 4029 carnalia
2234 3952 2608 4028 desideria
2648 3952 3074 4029 vendebat:
3116 3976 3268 4026 non
3307 3953 3576 4049 utique
3615 3952 3710 4028 de
3746 3953 4129 4049 praesenti

1249 4081 1812 4176 primitivorum
1873 4081 2160 4155 honore
2217 4080 2595 4174 desperat,
2657 4079 2956 4154 dicens:
3010 4082 3042 4114 “
3093 4078 3281 4153 Ecce
3321 4101 3459 4174 ego
3495 4079 3801 4169 morior,
3842 4081 3924 4154 et
3977 4100 4128 4174 quo

1250 4205 1440 4279 mihi
1467 4205 1605 4278 hos
1634 4204 2008 4300 primatus
2036 4204 2065 4276 ‘3
2098 4260 2130 4292 „
2168 4203 2370 4277 Nam
2400 4206 2580 4278 ante
2611 4206 2939 4277 mortem
2970 4203 3347 4298 primatus
3374 4203 3529 4295 ille,
3562 4203 3695 4299 qui
3733 4203 4130 4278 hominum

1251 4333 1390 4422 est,
1457 4328 2047 4427 percipiebatur3
2107 4329 2236 4405 sed
2302 4328 2484 4424 quia
2547 4328 2877 4403 formam
2941 4328 3199 4425 populi
3269 4328 3350 4401 in
3407 4349 3486 4402 se
3541 4350 3812 4423 gerens
3865 4328 4129 4424 primi-

1251 4457 1461 4531 tivus
1488 4447 1516 4489 ⁵
1574 4455 1727 4551 ipse
1782 4477 1917 4551 per
1969 4456 2238 4551 legem.
2299 4455 2521 4528 Prior
2559 4455 2765 4529 enim
2820 4455 2942 4530 hic
2997 4454 3324 4552 populus
3377 4454 3459 4526 in
3506 4454 3648 4529 Dei
3702 4453 4129 4529 hereditate

1255 4581 1513 4655 fuerat
1568 4580 1878 4671 electus,
1939 4579 2031 4655 de
2085 4601 2216 4674 spe
2273 4578 2853 4655 resurrectionis
2910 4580 2993 4653 et
3044 4578 3334 4674 gloriae
3371 4578 3514 4653 Dei
3570 4578 3877 4669 excidit,
3936 4578 4128 4654 desi-

1255 4706 1482 4781 deriis
1537 4704 1867 4799 corporis
1923 4707 2359 4800 occupatus,
2417 4728 2643 4779 suum
2700 4705 3068 4778 honorem
3135 4702 3567 4799 desperasse
3606 4725 3687 4778 se
3743 4703 4084 4799 proferat
4106 4724 4125 4792 ;

1254 4853 1480 4928 quem
1536 4831 2128 4927 primogenitum
2166 4833 2627 4906 convenerat
2681 4852 2982 4926 sperare
3046 4832 3221 4925 post
3265 4832 3618 4905 mortem.
3657 4829 4126 4925 Desperante

1253 4959 1516 5051 itaque
1570 4955 1771 5029 Esau
1811 4955 1902 5030 de
1956 4954 2312 5052 primitiis
2352 4954 2508 5030 suis
2565 4958 2893 5048 caetera,
2928 4957 3008 5030 et
3062 4954 3476 5030 secundum
3511 4954 3699 5030 facti
3737 4954 3987 5047 fidem,
4048 4957 4129 5028 et

1252 5082 1665 5157 secundum
1720 5081 2383 5179 praefigurationis
2427 5082 2801 5157 virtutem
2858 5083 3256 5176 geruntur.
3295 5079 3564 5155 Isahac
3620 5081 3910 5176 itaque,
3954 5102 4127 5154 cum

1414 5405 1431 5437 ¹
1467 5395 1692 5458 Subter
1718 5395 1876 5458 hunc
1901 5394 2273 5458 versiculum
2300 5394 2535 5473 aliquot
2561 5395 2808 5457 litterae
2837 5393 3212 5473 antiquiores
3256 5394 3443 5475 (saec.
3471 5392 3699 5474 Vmp)
3742 5396 3982 5454 tantum
4022 5411 4126 5470 ap-

1255 5501 1503 5577 parent:
1530 5515 1652 5556 non
1672 5501 1879 5556 tamen
1904 5494 2073 5556 aliud
2099 5500 2349 5574 praeter
2366 5494 2606 5555 ATEM
2628 5500 2931 5574 superest,
2953 5493 3056 5557 vel
3084 5494 3210 5572 legi
3238 5498 3448 5573 potest
3478 5529 3538 5538 —-
3570 5500 3591 5533 ⁸
3619 5492 3728 5554 Ps.
3751 5491 4059 5569 LXXIX,
4089 5492 4130 5551 9

1253 5631 1335 5644 --
1376 5604 1398 5635 ³
1427 5594 1740 5675 pertinere
1782 5614 1851 5656 se
1891 5630 1974 5641 —
2015 5602 2036 5635 ⁴
2069 5594 2295 5656 Genes.
2337 5593 2547 5672 XXV,
2590 5594 2786 5655 3032.
2837 5629 2897 5639 —-
2951 5601 2974 5634 ⁵
3001 5591 3373 5672 primitibus.
