4642 6650
1211 732 1303 798 90
2196 764 2251 809 s.
2299 764 2562 811 emma
2605 764 3098 813 mansarum-10

1215 843 3017 868 Ἢ

1211 977 1406 1049 tera.
1447 1031 1480 1064 „
1543 975 1773 1053 Lecto
1829 1001 2008 1076 ergo
2064 1003 2153 1057 eo
2206 981 2397 1071 loco,
2456 985 2538 1058 et
2573 985 3037 1059 annuntiata
3073 986 3372 1080 pascha,
3413 987 3506 1061 fit
3542 988 3811 1063 missa:
3836 989 4074 1084 Prop-

1211 1103 1432 1177 terea
1486 1105 1747 1177 autem
1804 1127 1897 1181 ea
1951 1106 2071 1181 die
2125 1108 2268 1183 hoc
2321 1108 2603 1203 agitur,
2660 1110 3022 1205 quoniam
3058 1112 3257 1186 sicut
3292 1111 3373 1185 in
3409 1114 3805 1209 evangelio
3842 1114 4076 1209 scrip-

1211 1228 1382 1299 tum
1439 1229 1578 1317 est,
1636 1232 1817 1302 ante
1870 1252 2000 1304 sex
2055 1231 2211 1307 dies
2267 1234 2589 1327 paschae
2643 1233 2933 1308 factum
2988 1236 3130 1310 hoc
3193 1235 3466 1309 fuisset
3518 1237 3600 1310 in
3655 1237 4070 1312 Bethania:

1215 1349 1309 1425 de
1363 1351 1684 1426 sabbato
1740 1353 1944 1427 enim
2001 1376 2238 1451 usque
2293 1356 2373 1429 in
2410 1356 2683 1451 quinta
2718 1356 2932 1446 feria,
2973 1382 3125 1453 qua
3162 1363 3334 1454 post
3369 1381 3555 1435 cena
3591 1363 3825 1434 noctu
3868 1381 4073 1434 com-

1213 1475 1714 1571 prehenditur
1767 1477 2158 1568 Dominus,
2216 1502 2350 1553 sex
2402 1479 2564 1555 dies
2615 1485 2821 1555 sunt.
2877 1482 3402 1559 Revertantur
3455 1505 3638 1580 ergo
3679 1506 3938 1559 omnes
3976 1484 4077 1558 ad

1213 1598 1632 1693 civitatem,
1661 1593 1947 1676 rectus¹
1979 1602 2076 1675 ad
2096 1602 2495 1696 Anastase,
2525 1607 2607 1679 et
2634 1604 2726 1679 fit
2752 1605 3144 1682 lucernare
3171 1607 3393 1680 iuxta
3424 1608 4073 1683 consuetudinem.

1375 1722 1551 1798 Alia
1623 1713 1803 1820 ergo
1871 1725 2013 1816 die,
2069 1725 2150 1799 id
2220 1731 2340 1801 est
2392 1727 2792 1820 dominica,
2869 1752 3023 1825 qua
3086 1731 3431 1804 intratur
3502 1732 3584 1804 in
3658 1713 4082 1827 septimana

1216 1847 1591 1942 paschale,
1649 1872 1880 1945 quam
1919 1850 2039 1926 hic
2075 1852 2468 1946 appellant
2519 1852 2948 1947 septimana
2986 1854 3228 1929 maior
3253 1846 3306 1944 ²,
3344 1855 3746 1930 celebratis
3782 1854 3875 1929 de
3912 1854 4079 1950 pul-

1216 1971 1467 2044 lorum
1549 1977 1782 2047 cantu
1868 1975 1998 2066 616,
2056 1996 2252 2071 quae
2318 1976 2888 2051 consuetudinis
2964 1981 3149 2053 sunt
3217 1979 3299 2051 in
3370 1978 3745 2053 Anastase
3799 1978 3920 2054 vel
3981 1977 4082 2051 ad

1218 2094 1555 2188 Crucem,
1613 2119 1856 2194 usque
1909 2098 2008 2172 ad
2060 2121 2284 2174 mane
2341 2099 2624 2195 agitur.
2683 2100 2826 2175 Die
2880 2123 3060 2197 ergo
3117 2101 3495 2177 dominica
3549 2123 3771 2176 mane
3826 2122 4084 2196 proce·

1216 2220 1427 2294 ditur
1478 2220 1699 2296 iuxta
1768 2223 2393 2299 consuetudinem
2464 2224 2545 2297 in
2617 2225 2930 2300 ecclesia
3004 2227 3312 2316 maiore,
3386 2247 3582 2321 quae
3652 2225 4082 2320 appellatur

1218 2344 1702 2442 Martyrium.
1759 2347 2174 2444 Propterea
2229 2350 2492 2423 autem
2546 2349 3005 2446 Martyrium
3062 2350 3517 2445 appellatur,
3573 2349 3755 2445 quia
3791 2349 3872 2423 in
3908 2348 4085 2422 Gol-

1218 2470 1457 2564 gotha
1510 2473 1650 2560 est,
1705 2471 1786 2548 ind
1840 2474 1959 2546 est
2011 2476 2185 2567 post
2243 2471 2582 2562 Crucem,
2641 2473 2776 2547 ubi
2828 2474 3200 2548 Dominus
3265 2463 3528 2569 p‘assus
3581 2476 3725 2565 est,
3781 2474 3864 2547 et
3915 2472 4084 2546 ideo

1218 2592 1670 2690 Martyrion.
1710 2593 1902 2669 Cum
1939 2617 2119 2691 ergo
2156 2596 2545 2671 celebrata
2582 2597 2874 2672 fuerint
2911 2598 3167 2672 omnia
3202 2598 3423 2671 iuxta
3460 2596 4086 2671 consuetudinem

1219 2716 1303 2788 in
1356 2716 1667 2792 ecclesia
1721 2718 2032 2810 maiore,
2090 2722 2171 2795 et
2224 2723 2645 2815 antequam
2700 2720 2840 2796 fiat
2892 2721 3148 2811 missa,
3205 2723 3471 2796 mittet
3523 2742 3788 2797 vocem
3840 2720 4085 2794 archi-

1222 2838 1608 2933 diaconus,
1666 2844 1747 2918 et
1817 2842 2003 2918 dicit
2068 2845 2439 2939 primum:
2516 2845 2747 2920 iuxta*
2806 2847 3236 2940 septimana
3308 2868 3557 2937 omne,
3630 2845 3710 2918 id
3780 2847 3899 2920 est
3964 2844 4088 2919 die

1223 2966 1584 3057 crastino,
1638 2965 1829 3041 hora
1882 2989 2108 3059 nona,
2167 2991 2428 3045 omnes
2483 2970 2582 3043 ad
2634 2970 3097 3068 Martyrium
3134 2971 3697 3061 conveniamus,
3737 2969 3815 3042 id
3850 2972 3971 3044 est
4006 2969 4089 3042 in

1224 3090 1536 3165 ecclesia
1619 3091 1926 3166 maiore.
2009 3093 2207 3168 Item
2278 3094 2546 3171 mittet
2614 3116 2879 3170 vocem
2952 3096 3275 3169 alteram
3297 3150 3316 3186 ,
3395 3097 3475 3171 et
3547 3093 3780 3168 dicit:
3860 3093 4088 3168 hodie

1226 3233 1486 3288 omnes
1538 3214 1731 3287 hora
1785 3215 2110 3311 septima
2166 3218 2420 3312 parati
2475 3218 2735 3293 simus.
2806 3218 3043 3292 Facta
3096 3239 3277 3313 ergo
3351 3216 3579 3290 missa
3641 3215 3725 3289 in
3778 3214 4091 3290 ecclesia

1224 3335 1535 3429 maiore,
1595 3337 1675 3410 id
1729 3342 1848 3413 est
1902 3339 2001 3413 ad
2053 3340 2539 3436 Martyrium,
2595 3341 2997 3417 deducitur
3048 3342 3439 3437 episcopus
3492 3362 3667 3414 cum
3699 3338 3954 3435 ymnis
3989 3337 4089 3411 ad

1225 3459 1625 3551 Anastase,
1681 3464 1764 3536 et
1817 3463 1925 3537 ibi
1960 3464 2380 3559 completis,
2419 3485 2615 3559 quae
2661 3462 2673 3556 Ι
2721 3463 3190 3538 consuetudo
3226 3466 3345 3539 est
3381 3462 3647 3538 diebus
3693 3461 4087 3536 dominicis

1225 3584 1391 3660 fieri
1443 3585 1526 3675 in
1577 3584 1955 3662 Anastase
2009 3589 2184 3682 post
2235 3588 2469 3661 missa
2520 3587 2899 3684 Martyrii,
2976 3586 3212 3663 etiam
3290 3585 3807 3681 unusquisque
3878 3585 4093 3661 ivens

1226 3708 1327 3782 ad
1381 3708 1694 3782 domum
1745 3733 1964 3784 suam
2020 3711 2339 3786 festinat
2389 3711 2846 3786 manducare
2866 3766 2885 3801 ,
2962 3713 3052 3784 ut
3120 3711 3311 3784 hora
3383 3710 3801 3805 inquoante
3827 3701 3856 3744 ³
3921 3730 4085 3803 sep-

1228 3831 1446 3924 tima,
1504 3854 1766 3908 omnes
1819 3835 1902 3908 in
1957 3835 2267 3910 ecclesia
2321 3834 2574 3929 parati
2627 3834 2805 3925 sint,
2864 3854 3060 3930 quae
3106 3836 3226 3910 est
3260 3834 3343 3908 16
3395 3833 3705 3925 Eleona,
3743 3833 3822 3907 id
3858 3835 3977 3908 est
4010 3832 4094 3905 in

1228 3959 1492 4031 monte
1547 3957 1854 4032 oliveti:
1910 3958 2020 4033 ibi
2074 3962 2193 4034 est
2246 3958 2602 4054 spelunca
2654 3958 2813 4050 illa,
2870 3959 2950 4032 in
3005 3981 3160 4054 qua
3214 3957 3534 4033 docebat
3586 3956 3959 4032 Dominus
3982 3948 4036 4030 ⁴¹.

1392 4306 1411 4343 ¹
1440 4307 1697 4387 Rectus,
1739 4307 2184 4372 adverbialiter
2221 4329 2335 4390 pro
2373 4315 2548 4372 recta
2586 4309 2707 4371 via.
4039 4391 4047 4397 .

1389 4403 1415 4440 ²
1442 4404 1799 4485 Septimana
1837 4406 2033 4468 maior
2077 4406 2264 4470 etiam
2305 4427 2343 4468 a
2383 4406 2447 4469 S.
2490 4406 2726 4487 Cyrillo
2764 4404 2875 4467 illa
2914 4404 3264 4485 appellatur
3322 4404 3390 4465 in
3431 4401 3803 4467 Cathechesi
3843 4401 4095 4465 XVIII.

1389 4501 1415 4539 ⁸
1442 4502 1521 4564 Id
1564 4510 1663 4564 est
1703 4506 2040 4566 inchoante.

1391 4600 1421 4635 ⁴
1445 4598 1815 4679 Speluncam
1854 4601 2081 4663 montis
2124 4600 2379 4680 oliveti,
2441 4599 2507 4662 in
2563 4620 2685 4678 qua
2721 4599 3022 4661 Dominus
3083 4618 3154 4661 se
3193 4618 3332 4660 cum
3371 4596 3696 4676 discipulis
3733 4596 4097 4676 recipiebat,

1236 4697 1663 4776 evangelistae
1702 4719 1825 4760 non
1865 4706 2375 4762 commemorant:
2417 4707 2484 4760 at
2521 4720 2697 4761 sacra
2749 4705 3171 4776 constansque
3204 4696 3461 4758 traditio
3520 4695 3723 4774 viguit
3763 4701 3829 4758 et
3869 4693 4097 4772 effecit,

1232 4801 1308 4857 ut
1347 4796 1785 4860 Constantinus
1825 4796 1917 4857 ibi
1958 4797 2283 4859 ecclesiam
2321 4797 2796 4877 pulcherrimam
2838 4795 3168 4858 excitaret:
3210 4793 3606 4856 Itinerarium
3645 4790 4101 4870 Burdigaleuse

1233 4894 1316 4957 de
1355 4894 1473 4956 hoc
1511 4902 1741 4957 testem
1779 4895 2163 4975 adduximus,
2207 4895 2363 4957 alios
2402 4894 2582 4956 modo
2626 4894 2933 4958 adducere
2967 4893 3067 4955 fas
3108 4893 3211 4955 sit.
3254 4892 3597 4955 Eucherius
3625 4891 3748 4973 (De
3775 4890 3931 4952 locis
3967 4910 4101 4951 san-

1234 4993 1374 5071 ctis,
1416 4994 1458 5073 ξ
1496 4993 1562 5074 8)
1605 4992 1853 5055 scribit:
1899 5015 1932 5050 ‹
1953 4994 2131 5054 Duae
2171 4992 2237 5053 in
2278 5012 2351 5054 eo
2396 4992 2627 5073 (monte
2656 4992 2918 5072 Oliveti)
2949 4990 3247 5053 ecclesiae
3287 4989 3726 5052 celeberrimae
3765 4987 4097 5049 habentur:

1233 5110 1358 5151 una
1395 5089 1462 5151 16
1503 5090 1723 5153 eodem
1761 5089 2022 5151 fundata
2059 5090 2213 5168 loco,
2255 5089 2320 5150 in
2360 5110 2479 5168 quo
2517 5090 2817 5151 Dominus
2858 5089 2939 5151 ad
2977 5087 3314 5168 discipulos
3354 5107 3501 5149 suos
3540 5085 3837 5147 habuisse
3871 5082 4102 5145 dicitur

1237 5206 1573 5265 sermones,
1615 5187 1815 5249 altera
1851 5186 1919 5248 16
1958 5185 2112 5265 1666,
2154 5187 2235 5248 de
2275 5206 2394 5264 quo
2455 5187 2693 5248 coelum
2754 5185 3112 5248 ascendisse
3165 5183 3450 5247 traditur.
3474 5208 3506 5241 ι
3566 5180 3955 5243 Theodosius
3997 5179 4102 5260 (de

1236 5291 1406 5346 terra
1445 5292 1659 5347 sancta
1697 5286 1738 5364 ξ
1781 5286 1910 5365 13):
1960 5308 1991 5342 «
2012 5284 2115 5345 Ibi
2172 5284 2265 5365 (in
2317 5289 2528 5344 monte
2572 5283 2831 5364 Oliveti)
2893 5290 3183 5344 asserunt
3241 5280 3576 5343 fabricatas
3636 5278 3834 5341 fuisse
3874 5275 4103 5356 viginti

1237 5390 1502 5461 quatuor
1543 5382 1858 5460 ecclesias,
1903 5388 1969 5443 et
2006 5382 2094 5442 ibi
2134 5401 2331 5461 prope
2373 5387 2474 5442 est
2513 5382 2820 5459 spelunca,
2861 5400 3019 5457 quae
3059 5379 3286 5440 dicitur
3326 5373 3518 5467 μάζα,
3562 5377 3724 5456 quod
3783 5376 4103 5453 interpre-

1237 5489 1409 5543 tatur
1435 5479 1898 5561 discipulorum,
1926 5480 2034 5543 ubi
2053 5479 2371 5558 Dominus,
2396 5479 2634 5558 quando
2654 5476 3054 5559 praedicabat
3078 5477 3143 5538 in
3168 5476 3578 5554 Hierusalem,
3606 5474 4049 5554 requiescebat.
4068 5495 4099 5531 ι
