4642 6650
1639 821 1730 867 me
1776 820 1966 868 1.oc1s
2013 820 2286 867 saum-rs
3268 790 3392 869 141

510 1066 714 1135 vero,
773 1043 908 1122 ubi
961 1044 1217 1119 oravit
1255 1044 1580 1140 Moyses,
1620 1043 1926 1140 quando
1964 1042 2176 1118 Iesus
2222 1043 2694 1139 expugnavit
2748 1043 3135 1134 Amalech,
3173 1064 3393 1117 mons

507 1169 844 1246 excelsus
881 1172 1001 1243 est
1038 1167 1261 1243 valde
1301 1172 1383 1243 et
1428 1171 1726 1244 erectus
1764 1167 2166 1242 imminens
2204 1190 2433 1263 super
2469 1168 2779 1242 Pharan
2809 1159 2831 1202 ¹
2862 1190 2879 1242 :
2936 1167 3072 1241 ubi
3127 1171 3393 1242 autem

509 1296 764 1369 oravit
799 1294 1122 1392 Moyses,
1162 1293 1476 1370 ecclesia
1513 1315 1714 1369 nunc
1752 1296 2193 1368 constructa
2231 1298 2372 1368 est.
2412 1294 2655 1368 Locus
2700 1296 2962 1368 autem
3000 1293 3159 1390 ipse
3201 1315 3383 1389 que-

509 1419 1002 1495 madmodum
1065 1419 1287 1509 sedit,
1345 1423 1427 1495 et
1500 1418 2147 1516 quemadmodum
2220 1419 2509 1515 lapides
2585 1419 2727 1493 sub
2790 1419 3057 1495 cubitu
3111 1418 3393 1493 habuit

512 1545 740 1621 hodie
792 1548 1071 1642 parent
1107 1535 1158 1620 ².
1197 1545 1315 1619 Ibi
1353 1545 1590 1620 etiam
1627 1545 1927 1642 Moyses
1982 1544 2279 1620 devicto
2326 1543 2741 1619 Hamalech
2792 1543 3228 1620 aedificavit
3284 1543 3396 1618 al·

509 1676 679 1747 tare
735 1671 1083 1747 Domine.
1141 1671 1233 1745 In
1285 1673 1598 1745 tantum
1667 1673 1930 1746 autem
1987 1672 2196 1746 locus
2254 1673 2417 1765 ipse
2484 1692 2728 1766 usque
2784 1669 2880 1744 ad
2939 1670 3399 1766 quingentos

512 1822 775 1897 passus
830 1801 1125 1874 erectus
1180 1802 1321 1888 est,
1377 1820 1467 1873 ac
1520 1798 1584 1871 si
1638 1821 1773 1894 per
1839 1797 2214 1895 parietem
2279 1798 2575 1874 subeas
2654 1798 2768 1871 De
2846 1795 3157 1871 Pharan
3214 1811 3398 1872 vero

513 1947 750 2022 usque
786 1925 885 1999 ad
909 1917 1263 1999 'montem
1295 1926 1647 1999 sanctum
1686 1922 1893 2020 Syna
1931 1923 2144 1997 milia
2179 1923 2508 2018 triginta
2545 1922 2883 2018 quinque
2920 1912 2972 1997 ³.
3023 1922 3264 1998 Porro
3318 1922 3400 1996 in

514 2049 843 2127 Aseroth
919 2049 1166 2124 adhuc
1247 2051 1567 2145 apparet
1588 2106 1607 2138 ‚
1676 2048 2319 2144 quemadmodum
2406 2048 2558 2122 fuit
2621 2047 2714 2123 de
2777 2047 3029 2145 lapide
3101 2047 3399 2123 vallum

381 2250 390 2259 ‚
512 2178 786 2275 ipsum,
842 2177 974 2250 ubi
1027 2176 1582 2252 habitaverunt
1634 2175 1772 2248 filii
1827 2174 2088 2264 Israel,
2147 2196 2323 2249 cum
2394 2176 2974 2249 reverterentur
3031 2196 3077 2247 a
3132 2176 3397 2248 monte

513 2304 656 2380 Dei
687 2294 741 2378 ⁴.
798 2302 1082 2377 Throni
1137 2301 1376 2377 etiam
1430 2305 1591 2376 tres
1628 2303 1812 2376 sunt
1848 2300 1942 2374 de
1979 2301 2363 2397 lapidibus
2400 2299 2590 2375 facti
2631 2298 2926 2374 modice
2964 2300 3044 2373 in
3081 2298 3399 2374 editiori

513 2431 705 2524 1000,
763 2452 962 2503 unus
1018 2428 1289 2525 Moysi,
1344 2428 1622 2524 reliqui
1674 2449 1857 2502 vero
1899 2427 2160 2500 Aaron
2197 2430 2278 2500 et
2314 2425 2603 2500 Iethro.
2645 2424 2856 2499 Cella
2914 2426 3203 2515 autem,
3261 2425 3399 2499 ubi

516 2559 870 2655 separata
923 2555 1076 2630 fuit
1129 2555 1372 2629 Maria
1410 2554 1656 2652 Moysi
1693 2575 1910 2629 soror
1944 2556 2238 2648 septem
2277 2552 2567 2642 diebus,
2609 2574 2857 2648 usque
2892 2551 3120 2626 hodie
3173 2572 3400 2648 super

515 2688 804 2760 terram
860 2682 1049 2757 duos
1103 2681 1329 2779 pedes
1383 2682 1690 2757 eminet.
1749 2680 1867 2755 Ab
1905 2679 2234 2756 Aseroth
2280 2681 2547 2755 autem
2600 2699 2842 2775 usque
2900 2677 2999 2752 ad
3052 2681 3399 2753 montem

519 2812 869 2885 sanctum
924 2807 1130 2905 Syna
1181 2808 1387 2884 inter
1438 2810 1738 2883 montes
1793 2806 1891 2881 ad
1935 2806 2345 2882 dexteram
2384 2808 2465 2880 et
2502 2805 2893 2880 sinistram
2947 2806 3206 2879 totum
3264 2824 3400 2901 per

518 2935 799 3012 vallem
853 2934 1099 3031 ipsam
1150 2933 1668 3009 monumentis
1722 2932 2035 3029 plenum
2088 2934 2229 3008 est.
2289 2931 2534 3028 Prope
2589 2952 2772 3005 vero
2819 2932 3165 3006 montem
3220 2953 3396 3005 san·

520 3063 730 3136 ctum
768 3061 849 3134 in
884 3058 1074 3150 loco,
1115 3061 1249 3155 qui
1286 3059 1720 3156 appellatur
1757 3057 2118 3154 Sepulcra
2155 3057 2830 3154 concupiscentiae,
2859 3058 3118 3131 totum
3149 3055 3399 3152 sepul-

521 3186 719 3262 chris
755 3185 1065 3282 plenum
1104 3188 1221 3260 est
1247 3175 1295 3260 ⁵.
1328 3184 1768 3280 Antequam
1806 3205 1988 3260 vero
2026 3184 2425 3280 pervenias
2455 3182 2554 3256 ad
2580 3184 2924 3258 montem
2964 3180 3174 3279 Syna
3211 3184 3396 3255 sunt

523 3334 654 3390 sex
708 3302 1087 3401 montes›⁶,
1144 3310 1280 3407 qui
1331 3309 1626 3386 faciunt
1679 3309 1961 3386 vallem
2017 3308 2402 3384 infinitam
2456 3307 2977 3405 planissimam
3033 3311 3117 3383 et
3170 3306 3403 3383 valde

523 3436 943 3536 pulchram.
984 3438 1224 3541 Trans
1268 3435 1551 3512 vallem
1605 3458 1789 3511 vero
1844 3436 2090 3532 ipsam
2145 3437 2470 3532 apparet
2522 3455 2741 3540 mons
2796 3437 3106 3509 sanctus
3161 3431 3399 3530 Syna.

521 3563 763 3637 Locus
818 3563 1104 3651 autem,
1160 3560 1296 3634 ubi
1347 3582 1432 3636 se
1485 3561 1786 3635 montes
1845 3562 2225 3655 aperiunt,
2280 3559 2591 3633 iunctus
2645 3561 2766 3633 est
2820 3580 2995 3633 cum
3051 3578 3141 3632 eo
3196 3557 3400 3647 loco,

523 3689 656 3762 ubi
710 3690 895 3763 sunt
948 3686 1362 3783 Sepulchra
1432 3685 2102 3781 concupiscentiae.
2159 3683 2230 3758 Α
2281 3684 2450 3758 loco
2507 3686 2768 3759 autem
2826 3682 3025 3757 unde
3082 3681 3398 3757 videtur

521 3834 764 3910 usque
818 3810 920 3887 ad
954 3814 1296 3887 montem
1333 3810 1539 3909 Syna
1575 3813 1757 3885 sunt
1791 3833 1927 3905 per
1961 3809 2245 3884 vallem
2283 3809 2528 3904 ipsam
2565 3810 2900 3905 quatuor
2953 3807 3168 3882 milia
3222 3830 3401 3905 pas*

524 3959 775 4011 suum.
813 3934 1054 4009 Vallis
1089 3937 1354 4010 autem
1393 3935 1556 4031 ipsa
1589 3935 1859 4031 ingens
1899 3933 2122 4009 valde
2164 3936 2304 4023 est,
2346 3934 2598 4009 iacens
2641 3932 2783 4008 sub
2823 3932 3141 4029 pedibus
3182 3953 3401 4006 mon·-

523 4063 627 4137 tis
679 4061 847 4150 Dei,
905 4082 1100 4156 quae
1153 4060 1388 4135 habet
1427 4060 1510 4133 in
1544 4060 2107 4155 longitudinem
2144 4081 2415 4156 passus
2469 4058 2796 4135 sedecim
2849 4058 3090 4149 milia,
3148 4060 3228 4133 in
3282 4059 3400 4133 la·

524 4185 859 4261 titudine
914 4187 1176 4260 autem
1250 4186 1587 4281 quatuor
1654 4184 1894 4258 milia.
1951 4184 2097 4271 Qui
2148 4184 2323 4258 vult
2384 4205 2566 4280 ergo
2640 4185 2981 4257 montem
3036 4185 3397 4258 sanctum

656 4494 712 4536 '¹
754 4499 949 4561 Mons
992 4500 1218 4562 dicitur
1258 4499 1497 4578 sev-bal,
1524 4518 1704 4578 quem
1744 4498 1826 4560 ad
1866 4498 2055 4561 imum
2078 4498 2245 4560 inter
2262 4498 2745 4579 septentrionem
2767 4505 2833 4558 et
2855 4497 3153 4559 orientem
3174 4496 3399 4560 civitas

527 4598 734 4661 Faran
774 4599 900 4660 sita
940 4605 1092 4679 erat,
1134 4598 1214 4661 de
1255 4620 1376 4678 qua
1414 4619 1614 4661 sermo
1653 4597 1918 4660 habetur
1955 4598 2024 4659 in
2062 4598 2287 4676 Pereg.
2328 4617 2389 4676 p.
2431 4598 2531 4657 43.

688 4697 714 4734 ²
755 4699 988 4760 Anton.
1029 4720 1109 4760 m.
1153 4719 1204 4761 c.
1247 4699 1407 4760 XL:
1434 4721 1466 4758 ς
1493 4699 1751 4760 Pharan·
1781 4698 2118 4774 civitatem,
2160 4698 2226 4758 in
2267 4717 2388 4776 qua
2427 4696 2732 4775 pugnavit
2770 4695 3026 4775 Moyses
3065 4714 3203 4757 cum
3223 4695 3407 4757 Ama—

528 4795 706 4857 lech:
750 4796 857 4858 ubi
898 4804 998 4859 est
1039 4797 1388 4875 oratorium,
1428 4795 1604 4859 ouius
1645 4796 1842 4859 altare
1882 4797 2155 4878 positum
2218 4804 2319 4859 est
2360 4816 2551 4877 super
2610 4796 2854 4877 lapides
2901 4796 3063 4874 illos,
3105 4814 3260 4873 quos
3302 4815 3406 4875 po-

532 4901 798 4957 suerunt
837 4895 1045 4977 Moysi
1085 4897 1306 4962 oranti.
1349 4921 1381 4956 ›

691 4992 718 5028 ³
758 4992 936 5055 Idem
976 4994 1372 5057 intervallum
1410 5001 1670 5057 notatur
1706 4995 1773 5056 in
1799 4994 2057 5073 Peregr.
2088 5014 2145 5074 p.
2188 4996 2286 5056 44.

689 5092 717 5129 ⁴
755 5093 1031 5155 Aseroth
1091 5100 1346 5173 propter
1405 5094 1678 5172 regionis
1743 5093 2285 5156 conformationem
2348 5101 2412 5156 et
2471 5092 2553 5155 ad
2613 5092 2991 5174 Peregrinae
3056 5096 3404 5176 opinionem

531 5189 685 5252 mihi
723 5189 925 5255 fnisse
963 5192 1214 5255 videtur
1250 5213 1372 5254 non
1412 5193 1598 5272 longe
1637 5213 1676 5254 a
1713 5194 1919 5254 Faran
1937 5244 1942 5249 .
1960 5192 2151 5272 Synai
2187 5210 2431 5270 versus,
2475 5189 2541 5250 id
2583 5199 2682 5253 est
2708 5191 2775 5252 in
2822 5195 3018 5273 Wady
3043 5195 3238 5274 Sales.

692 5287 718 5325 ⁵
755 5289 834 5350 In
873 5289 1233 5353 difficillimo
1257 5290 1503 5353 itineris
1524 5292 1807 5370 transitu,
1836 5290 1942 5370 qni
1970 5290 2198 5352 dicitur
2223 5289 2526 5351 transitus
2551 5290 2744 5367 venti,
2774 5291 2941 5352 inter
2960 5311 3148 5372 rupes
3177 5292 3406 5372 locato,

530 5386 705 5465 prins
745 5409 928 5467 quam
967 5391 1194 5453 vallem
1234 5390 1462 5452 montis
1502 5390 1694 5469 Synai
1731 5388 2121 5469 ingrediaris,
2164 5389 2462 5451 statuitur
2515 5388 2687 5450 locus
2734 5410 2766 5447 ι
2791 5388 3085 5469 Sepulcra
3122 5390 3406 5477 concupi-

535 5486 811 5548 scentiae
853 5510 911 5550 ›.
954 5487 1048 5550 Of.
1091 5487 1349 5568 Peregr.
1391 5509 1453 5568 p.
1495 5490 1575 5549 35
1616 5494 1682 5549 et
1718 5491 1819 5549 43.

693 5582 719 5619 ⁸
756 5583 881 5646 Hic
919 5585 1188 5647 nectitur
1225 5585 1418 5648 codex
1476 5585 1779 5647 arretinus
1839 5585 2390 5666 Peregrinationis,
2432 5604 2613 5664 quem
2672 5604 2785 5663 per
2834 5593 3075 5671 septem
3136 5587 3404 5668 paginas

533 5686 777 5747 tantum
816 5683 1062 5747 Petrus·
1083 5683 1397 5750 Diaconus
1437 5692 1851 5768 persequutus
1894 5693 2007 5748 est.
