4642 6650
1494 731 1581 775 An
1626 729 1799 777 LocA
1845 732 2100 778 sAxc‘rA
2147 733 2255 779 AN.
2303 739 2507 780 ass-asa
3356 717 3445 782 55

560 947 892 1022 vidimus
948 951 1195 1024 terras
1253 948 1731 1024 Sodomitum
1788 972 2072 1042 6611166,
2112 973 2249 1027 666
2303 974 2459 1027 666
2499 957 2580 1028 61
2635 953 2911 1050 Segor:
2953 976 3148 1050 quae
3186 957 3449 1030 tamen

565 1075 800 1172 Segor
853 1077 1017 1150 sola
1073 1077 1165 1151 de
1223 1076 1373 1150 illis
1428 1076 1762 1172 quinque
1818 1076 2042 1151 hodie
2099 1082 2421 1152 constat.
2464 1079 2665 1153 Nam
2720 1084 2802 1155 et
2854 1081 3295 1156 memoriale
3335 1082 3444 1156 ibi

564 1205 704 1293 est,
763 1201 853 1274 de
912 1202 1182 1276 ceteris
1238 1203 1500 1276 autem
1537 1202 1688 1274 illis
1730 1202 2174 1276 civitatibus
2213 1203 2405 1276 nihil
2454 1205 2666 1278 aliud
2708 1209 3050 1300 apparet,
3089 1190 3237 1280 11161
3272 1207 3448 1281 sub·

567 1327 813 1400 versio
849 1319 1321 1417 1616616161,
1354 1350 1579 1422 quem
1611 1327 1709 1401 ad
1738 1329 2048 1402 modum
2087 1330 2169 1402 in
2202 1331 2528 1404 cinerem
2570 1352 2926 1406 converse
2963 1335 3167 1405 611111.
3209 1333 3448 1407 Locus

565 1452 823 1543 etiam,
883 1452 1014 1525 ubi
1070 1453 1221 1525 fuit
1275 1454 1553 1527 titulus
1609 1455 1865 1527 uxoris
1921 1455 2142 1546 Loth,
2184 1458 2539 1529 ostensus
2590 1459 2708 1530 est
2761 1457 3013 1546 nobis;
3055 1457 3187 1552 qui
3240 1458 3450 1534 166116

567 1577 799 1651 etiam
857 1579 935 1650 in
991 1577 1385 1672 scripturis
1440 1577 1747 1673 legitur.
1809 1576 1955 1651 Sed
1995 1578 2188 1651 mihi
2237 1579 2544 1669 credite,
2604 1579 2907 1653 domine
2953 1581 3448 1673 venerabileS,

566 1704 747 1798 quia
803 1702 1156 1776 columna
1210 1702 1374 1798 ipsa
1429 1702 1581 1775 iam
1620 1724 1775 1776 non
1813 1706 2054 1799 paret,
2098 1705 2306 1778 locus
2346 1707 2608 1778 autem
2647 1706 2804 1801 ipse
2844 1707 3153 1779 tantum
3192 1708 3450 1780 osten-

566 1828 815 1901 ditur:
875 1821 1229 1902 columna
1285 1830 1544 1900 autem
1599 1827 1763 1922 ipsa
1809 1828 2090 1902 dicitur
2127 1829 2321 1901 mari
2372 1831 2676 1903 mortuo
2716 1828 2949 1904 fuisse
2988 1833 3345 1924 cooperta
3372 1821 3400 1863 ²
3426 1887 3443 1904 .

565 1952 783 2027 Certe
822 1953 1072 2027 locum
1126 1952 1600 2028 videremus:
1642 1954 2075 2027 columnam
2121 1953 2416 2027 nullam
2456 1954 2806 2046 vidimuS‚
2846 1957 2927 2029 et
2967 1954 3136 2028 ideo
3176 1954 3445 2030 fallere

566 2100 701 2153 vos
756 2099 981 2172 super
1035 2078 1229 2151 hanc
1282 2099 1444 2151 rem
1500 2101 1653 2152 non
1711 2100 2038 2174 possum.
2095 2079 2297 2152 Nam
2353 2080 2743 2175 episcopus
2811 2079 2957 2154 1661
3021 2079 3283 2174 11161116,
3365 2079 3445 2153 111

567 2206 685 2277 est
739 2203 830 2275 de
889 2194 1190 2298 863613,
1233 2203 1428 2276 dixit
1464 2203 1705 2295 661116,
1747 2203 2107 2298 quoniam
2145 2203 2298 2277 iam
2339 2203 2636 2299 aliquot
2674 2205 2857 2277 anni
2894 2207 3169 2294 essent,
3209 2228 3256 2277 a
3294 2226 3445 2300 quo

569 2350 721 2403 non
776 2331 1082 2425 pareret
1137 2328 1490 2402 columna
1547 2328 1702 2401 illa.
1761 2328 1962 2402 Nam
2017 2329 2110 2403 de
2168 2328 2403 2424 Segor
2458 2329 2781 2403 forsitan
2847 2333 3062 2404 sexto
3110 2330 3440 2404 miliario

569 2454 729 2550 ipse
784 2454 990 2528 166116
1048 2456 1189 2543 661,
1228 2453 1361 2526 ubi
1417 2452 1638 2527 stetit
1674 2454 2026 2527 columna
2067 2454 2222 2544 illa,
2283 2455 2485 2549 quod
2522 2476 2723 2528 nunc
2787 2457 3043 2529 totum
3108 2455 3448 2551 cooperit

570 2601 794 2674 aqua.
852 2578 1048 2653 Item
1106 2578 1198 2653 de
1238 2578 1506 2652 dextra
1545 2580 1762 2674 parte
1804 2579 2159 2653 ecclesiae
2196 2602 2244 2652 a
2282 2579 2487 2654 foras
2534 2582 2797 2654 tamen
2852 2580 3323 2671 accessimuS‚
3365 2583 3448 2654 et

569 2705 865 2777 ostense
903 2705 1089 2775 sunt
1123 2702 1340 2776 nobis
1379 2702 1554 2776 inde
1593 2726 1639 2775 a
1676 2705 1943 2776 contra
1971 2702 2167 2776 duae
2197 2702 2576 2795 civitateS‚
2606 2704 2685 2776 id
2715 2705 2831 2778 est
2857 2703 3155 2778 Esebon
3172 2694 3223 2795 ⁴,
3247 2725 3442 2799 quae

565 2826 716 2901 fuit
767 2828 966 2923 regis
1023 2827 1219 2901 Seon
1272 2826 1470 2921 regis
1508 2827 2077 2919 Amorreorum‚
2119 2848 2314 2923 quae
2354 2851 2555 2903 nunc
2592 2829 3023 2925 appellatur
3079 2828 3433 2904 Exebon:

570 3105 915 3169 doctissimi
952 3106 1225 3186 (Voyaqe
1253 3110 1293 3167 ὰ
1320 3109 1383 3166 la
1410 3127 1538 3169 mer
1564 3114 1753 3168 morte
1781 3127 1840 3186 p.
1872 3106 2009 3184 358,
2041 3113 2106 3169 et
2131 3107 2298 3168 I-III
2326 3107 2567 3188 praefi),
2596 3107 2700 3185 qui
2729 3108 2887 3168 duas
2915 3107 3205 3171 civitates
3235 3105 3454 3168 eodem

568 3204 810 3266 nomine
853 3203 1136 3265 extitisse
1177 3204 1609 3281 arbitrabatur,
1650 3204 1910 3265 alteram
1949 3225 2072 3265 non
2111 3204 2297 3283 longe
2361 3206 2439 3264 ab
2495 3205 2656 3265 ostio
2712 3203 3015 3282 Iordanis,
3073 3204 3333 3265 alteram
3375 3202 3454 3265 ad

568 3302 757 3364 maris
798 3303 1266 3365 extremitatem.
1307 3303 1411 3365 Ad
1450 3301 1565 3364 1166
1608 3303 1665 3364 61
1704 3303 1956 3365 tandem
1995 3302 2151 3364 illud
2193 3302 2484 3365 accedere
2525 3303 2809 3382 velimus,
2850 3303 3015 3382 quod
3056 3303 3136 3363 D.
3180 3303 3455 3365 Tristam

569 3421 639 3464 se
679 3401 988 3480 reperisse
1031 3401 1331 3477 adfirmat,
1373 3402 1644 3480 vestigia
1683 3401 1969 3479 antiquae
2011 3402 2287 3463 civitatis
2330 3402 2396 3461 in
2435 3402 2591 3463 66116
2634 3404 2712 3462 ab
2753 3401 2981 3463 Arabis
3024 3399 3191 3462 dicto
3236 3403 3455 3461 Zi'ara

570 3498 771 3560 adhuc
803 3519 1050 3561 manere
1084 3501 1200 3560 sub
1242 3505 1446 3561 monte
1483 3500 1658 3561 Nebo
1700 3498 2083 3561 occidentem
2110 3518 2327 3559 versus
2368 3498 2693 3579 (Falcucci,
2725 3501 2788 3559 Il
2813 3519 2953 3559 mar
2979 3506 3173 3558 morto
3200 3519 3260 3577 p.
3285 3499 3451 3579 373),

570 3597 649 3660 de
696 3619 765 3659 re
811 3597 1083 3658 nondum
1131 3597 1448 3678 explorata
1493 3599 1558 3659 in
1601 3597 1878 3660 eamdem
1918 3598 2289 3659 sententiam
2315 3597 2409 3658 ire
2434 3617 2558 3658 non
2583 3599 2900 3659 recusabo.
2944 3595 3158 3668 Quid?
3202 3597 3456 3657 Testem

568 3699 864 3760 habemus
904 3698 1284 3759 Antoninum
1324 3718 1403 3758 m.
1447 3698 1551 3776 qui
1589 3718 1712 3758 11611
1752 3698 1937 3776 longe
1980 3718 2018 3757 a
2054 3696 2232 3758 Nebo
2274 3717 2391 3758 nos
2422 3697 2606 3758 docet
2645 3695 2843 3757 fuisse
2885 3695 3082 3773 Segor
3124 3696 3280 3776 (cap.
3323 3697 3452 3776 X):

576 3800 725 3860 «De
767 3798 1033 3859 Iordane
1071 3817 1267 3875 usque
1309 3797 1389 3859 ad
1429 3797 1629 3858 locum
1669 3797 1861 3874 illum,
1890 3797 1956 3857 in
1995 3817 2116 3875 quo
2148 3797 2412 3875 Moyses
2441 3796 2520 3858 de
2549 3815 2802 3874 corpore
2844 3795 3056 3872 exivit,
3100 3804 3247 3857 sunt
3284 3796 3459 3858 milia
3521 3789 3528 3796 ⁰

570 3907 726 3976 octo,
771 3905 837 3959 et
876 3896 1096 3958 exinde
1135 3916 1259 3956 non
1298 3897 1556 3957 multum
1584 3896 1766 3974 longe
1795 3896 1874 3956 ad
1903 3895 2114 3974 Segor‚
2152 3895 2219 3955 in
2253 3896 2477 3973 quibus
2504 3895 2659 3957 locis
2687 3903 2834 3959 sunt
2862 3895 3042 3957 multi
3084 3896 3376 3957 eremitae
3400 3919 3456 3956 ι.

568 3999 742 4059 Haec
783 3995 1032 4075 quidem
1072 3994 1277 4057 omnia
1317 3994 1656 4071 coniurant,
1685 4001 1757 4054 ut
1795 4015 1909 4056 nos
1939 3994 2019 4056 ad
2046 3996 2311 4056 Zoaram
2343 3995 2761 4057 collocandam
2797 3995 2863 4056 in
2890 3995 3205 4075 superiore
3245 3995 3457 4058 littore

568 4095 854 4157 orientali
892 4095 1080 4155 maris
1120 4093 1348 4155 mortui
1390 4093 1780 4155 adducamur.

732 4193 751 4229 ¹
780 4193 1021 4254 Ruinas
1063 4193 1400 4254 subversae
1439 4191 1788 4272 pentapolis
1831 4191 1941 4253 alii
1983 4191 2171 4253 etiam
2213 4202 2498 4255 auctores
2541 4198 2898 4273 memorant,
2925 4194 3148 4272 quibus
3176 4194 3450 4256 adimen-

571 4293 686 4355 dae
724 4291 873 4352 fidei
912 4292 985 4352 E.
1025 4290 1384 4352 Falcuccius
1427 4291 1703 4371 apprime
1743 4291 1986 4353 studuit
2026 4292 2106 4373 (o.
2146 4312 2197 4354 c.
2225 4313 2285 4371 p.
2316 4293 2436 4353 375
2479 4299 2544 4354 et
2572 4292 2790 4373 seqq.).
2822 4292 3051 4355 Confer
3090 4293 3455 4357 Strabonem

568 4390 613 4452 l.
653 4390 833 4465 XVI,
874 4409 933 4468 p.
980 4389 1127 4448 764:
1174 4391 1521 4454 «κατοικία
1568 4381 1635 4455 δὲ
1680 4390 2230 4480 ἀνατετραμμένας
2279 4382 2583 4481 σποράδεν
2610 4412 2666 4450 ›.
2708 4390 2833 4451 Ios.
2876 4390 2972 4450 Fl.
3013 4390 3173 4452 Bell.
3202 4388 3341 4451 Iud.
3370 4390 3448 4467 V,

572 4509 623 4550 o.
667 4488 736 4548 5:
783 4509 815 4544 ε
836 4489 1026 4553 πέντε
1075 4488 1182 4576 μὲν
1228 4490 1471 4553 πόλεων
1523 4478 1668 4553 ἰδεῖν
1719 4488 1894 4562 σκιάς
1925 4509 1981 4546 ›.
2023 4486 2219 4547 Tacit.
2247 4487 2416 4549 Hist.
2446 4487 2524 4564 V,
2555 4507 2606 4548 ο.
2638 4489 2705 4549 7:
2738 4511 2769 4547 (ι
2795 4487 3027 4568 Campi,
3058 4509 3211 4566 quos
3239 4487 3451 4549 ferunt

573 4586 718 4647 olim
755 4587 999 4661 uberes,
1040 4584 1401 4664 magnisque
1440 4586 1695 4647 urbibus
1734 4584 2065 4661 habitatos,
2106 4583 2429 4647 fulminum
2470 4586 2636 4649 iactu
2664 4587 2915 4664 arsisse,
2960 4593 3025 4648 et
3065 4606 3311 4648 manere
3350 4607 3451 4648 ve-

573 4684 765 4762 stigia
786 4706 841 4743 ».

731 4780 755 4816 ²
784 4778 935 4842 Ood.
976 4799 1096 4858 quo
1138 4788 1369 4859 operta.

730 4879 756 4916 ³
780 4880 922 4942 Non
960 4879 1220 4940 fortuito
1250 4879 1606 4959 episcopum
1633 4878 1828 4958 Segor
1853 4877 1942 4939 ibi
1970 4878 2192 4941 adesse
2219 4884 2389 4957 puto,
2426 4880 2540 4941 6611
2567 4888 2838 4942 montem
2864 4880 2926 4942 N
2928 4881 3041 4943 ebo
3072 4878 3448 4957 ascendisse,

572 4985 643 5038 111
682 4986 958 5039 nostram
996 4977 1292 5039 feminam
1319 4977 1735 5040 venerabilem
1761 4978 1997 5039 viseret
2027 4983 2091 5038 et
2118 4978 2453 5039 salutaret:
2482 4998 2601 5056 qua
2647 4978 2725 5040 de
2772 4999 2842 5042 re
2884 4978 3222 5041 modestiae
3265 4999 3452 5039 causa

571 5076 885 5137 silentium
924 5077 1064 5156 ipsa
1102 5077 1325 5137 tenuit.

731 5176 758 5211 ⁴
784 5176 1031 5236 Esebon
1070 5176 1219 5236 urbs
1263 5174 1467 5236 861166
1508 5174 1676 5252 regis
1716 5174 2233 5235 Amorrhaeorum
2276 5174 2481 5255 (Num.
2524 5175 2812 5253 XXXII,
2856 5177 2967 5252 373
3008 5175 3192 5235 Dent.
3216 5175 3304 5252 H,
3346 5175 3445 5251 26,

571 5275 669 5351 30,
700 5274 803 5355 32)
833 5273 1019 5336 hodie
1047 5277 1342 5335 Hasban:
1376 5274 1652 5334 distabat
1680 5296 1715 5335 a
1743 5274 2006 5336 Iordane
2034 5273 2229 5334 millia
2254 5273 2497 5353 viginti,
2530 5294 2564 5334 e
2595 5282 2801 5336 monte
2836 5276 3012 5337 Nebo
3041 5283 3279 5337 tantum
3323 5295 3449 5337 sex.

569 5371 692 5433 Illa
732 5373 925 5433 verba
969 5393 1000 5429 α
1023 5391 1177 5449 quae
1220 5391 1378 5432 nunc
1420 5372 1732 5451 appeUata
1772 5372 2072 5432 Exebon»
2117 5371 2408 5432 videntur
2447 5371 2581 5433 fere
2625 5392 2701 5434 ex
2740 5372 3013 5435 Eusebio
3055 5372 3449 5454 deprompta:

570 5472 610 5543 ἦ
660 5475 956 5537 καλεῖται
1001 5482 1100 5535 νῦν
1152 5474 1422 5557 Ἐσβοῢς.
