4642 6650
1534 724 1624 768 DE
1670 725 2024 771 mrsu-nmis
2069 725 2157 769 m*
2202 727 2419 771 nrum
3322 709 3410 773 25

538 944 956 1040 disponere,
996 944 1190 1018 illud
1218 945 1393 1019 duci
1428 944 1694 1019 futuro
1734 967 2010 1020 nomen
2048 945 2336 1041 adlegit
2365 939 2386 980 ¹
2428 945 2632 1042 quod
2669 949 2838 1021 erat
2875 950 3187 1022 aeterno
3228 948 3406 1023 duci

537 1072 691 1145 iam
730 1072 809 1145 in
838 1072 1290 1147 coelestibus
1327 1074 1893 1168 praeparatum.
1923 1071 2123 1145 Nam
2154 1076 2243 1146 ut
2270 1072 2392 1147 hic
2420 1095 2854 1169 synagogae
2882 1076 3250 1172 princeps,
3296 1075 3411 1149 ita

535 1196 665 1270 ille
721 1197 1112 1284 ecclesiae:
1173 1199 1264 1270 ut
1319 1195 1475 1269 dux
1528 1200 1780 1271 terrae
1821 1197 2305 1292 optinendae,
2346 1198 2460 1271 ita
2507 1198 2636 1274 ille
2677 1199 2831 1271 dux
2885 1204 3138 1274 terrae
3192 1202 3413 1275 here-

538 1321 922 1412 ditandae,
963 1323 1055 1396 de
1095 1347 1246 1418 qua
1283 1322 1654 1396 Dominus
1693 1324 1805 1397 ait
1829 1314 1896 1395 ²:
1967 1326 1997 1357 “
2038 1323 2262 1397 Beati
2298 1325 2548 1414 miteS,
2592 1324 2953 1420 quoniam
2992 1326 3133 1421 ipsi
3191 1326 3403 1400 here-

540 1446 901 1520 ditabunt
953 1450 1342 1535 terram‘„.
1402 1447 1509 1520 Ut
1561 1447 1682 1520 hic
1734 1450 1909 1543 post
1962 1447 2313 1544 Moysen,
2374 1449 2487 1522 ita
2541 1449 2671 1522 ille
2727 1452 2899 1544 post
2963 1450 3256 1544 legem:
3317 1451 3410 1523 ut

540 1570 715 1645 huic
769 1570 1055 1645 iterata
1110 1572 1422 1646 cultello
1457 1572 1760 1668 petrino
1803 1572 2262 1647 circumcisio
2304 1577 2729 1668 praecepta,
2790 1576 2903 1647 ita
2959 1596 3006 1646 a
3060 1574 3411 1662 Domine,

542 1695 675 1791 qui
729 1698 810 1770 et
865 1697 1185 1772 verbum
1253 1701 1567 1772 acutum
1626 1702 1767 1789 est,
1825 1701 2231 1793 penetrans
2289 1721 2528 1794 usque
2584 1699 2681 1772 ad
2738 1698 3188 1774 divisionem
3255 1699 3416 1772 ani-

543 1843 734 1912 mae,
774 1825 856 1898 et
882 1822 1074 1918 lapis
1101 1823 1513 1919 angularia
1546 1823 2009 1898 circumcisio
2050 1823 2294 1898 cordis
2341 1823 2771 1920 specialiter
2803 1815 2811 1924 Ι
2847 1825 3217 1898 innovata
3257 1827 3411 1899 est:
3469 1835 3544 1893 24

545 1950 637 2020 ut
670 1946 794 2021 hic
851 1947 1196 2023 dividens
1253 1971 1515 2044 aquae,
1557 1949 1671 2022 ita
1706 1949 1838 2023 ille
1869 1948 2211 2024 dividens
2251 1949 2593 2045 populos,
2635 1949 2749 2022 ait
2803 1949 3006 2023 enim
3033 1939 3100 2020 ³:
3169 1951 3200 1983 “
3240 1948 3418 2023 Non

544 2074 720 2148 veni
775 2094 1038 2168 pacem
1092 2074 1424 2166 mittere,
1465 2075 1596 2149 sed
1634 2074 2084 2155 divisionem
2135 2131 2197 2162 „.
2257 2074 2364 2148 Ut
2399 2075 2523 2148 hic
2559 2074 2847 2171 lapides
2886 2074 3282 2149 duodecim
3337 2074 3419 2147 in

543 2199 1072 2273 testimonium
1130 2202 1555 2291 aeternum,
1616 2204 1696 2275 et
1751 2221 1846 2273 ex
1901 2198 2274 2294 profundo
2331 2199 2413 2271 in
2466 2202 2756 2272 terram
2829 2199 3203 2274 reseravit
3228 2190 3280 2291 ⁴,
3339 2201 3420 2273 et

547 2346 640 2398 ex
693 2328 904 2399 terra
960 2324 1038 2397 in
1093 2325 1471 2421 profundo
1508 2325 1950 2401 collocavit:
1994 2326 2105 2399 ita
2144 2325 2274 2399 ille
2312 2325 2810 2419 apostolicam
2849 2323 3297 2415 doctrinam,
3341 2327 3423 2399 et

548 2471 642 2525 ox
681 2472 1069 2548 synagoga
1124 2451 1474 2546 protulit,
1515 2454 1596 2526 et
1632 2452 1711 2524 in
1749 2472 2141 2547 synagoga
2179 2450 2624 2545 dereliquit:
2666 2450 2903 2524 etiam
2960 2472 3160 2524 nunc
3215 2473 3305 2525 ea
3360 2450 3422 2524 si

548 2578 783 2653 vellet
839 2600 1099 2667 usura,
1140 2600 1312 2652 cum
1352 2576 1448 2650 ad
1485 2576 2015 2651 testimonium
2053 2578 2454 2650 aeternum
2497 2577 2575 2649 in
2613 2576 3012 2653 duodecim
3040 2575 3424 2670 lapidibus

488 2722 499 2734 ⁴
548 2702 970 2799 apostolica
1026 2702 1375 2776 doctrina
1431 2705 1511 2777 et
1565 2702 1868 2797 prolata
1906 2704 2107 2777 esset
2145 2724 2238 2775 ex
2275 2701 2468 2796 lege,
2510 2705 2592 2776 et
2638 2705 2899 2776 tamen
2956 2703 3426 2797 reperiretur

551 2831 632 2903 in
700 2829 888 2924 lege.
954 2828 1247 2903 Divisio
1315 2831 1578 2902 autem
1652 2829 1815 2924 ipsa
1889 2852 2288 2924 aquarum,
2359 2852 2590 2924 quam
2664 2828 2972 2903 evidens
3047 2850 3427 2924 quamque

550 2956 907 3030 absoluta
960 2958 1101 3046 est,
1160 2978 1333 3030 cum
1389 2978 1565 3050 pars
1621 2955 1922 3052 integra
1978 2958 2057 3030 et
2112 2955 2342 3049 plena
2399 2954 2872 3044 constiterit:
2931 2955 3201 3046 altera,
3262 2977 3425 3029 are·

550 3080 757 3156 facto
792 3074 1058 3171 611166,
1116 3080 1199 3156 111
1251 3102 1464 3156 mare
1521 3081 1767 3155 omnis
1823 3080 2232 3170 effluxerit,
2291 3080 2542 3154 media
2579 3083 2843 3155 tamen
2899 3103 3076 3155 arca
3113 3081 3423 3154 Domini

551 3229 725 3281 cum
780 3207 1301 3281 sacerdotibus
1341 3207 1808 3295 constituta3
1849 3209 1991 3280 aut
2029 3205 2584 3301 significatione
2624 3205 3086 3301 intelligitur
3122 3209 3422 3302 partem

553 3333 817 3429 populi
870 3357 918 3406 a
976 3355 1201 3407 cursu
1258 3336 1744 3430 peccatorum
1785 3335 1865 3407 613
1919 3333 2188 3406 mortis
2244 3354 2428 3405 suae
2468 3332 2547 3404 in
2604 3331 2944 3407 adventu
2983 3354 3205 3406 arcae
3259 3332 3427 3425 Dei,

554 3459 633 3532 id
688 3463 807 3533 est
867 3458 1207 3535 adventu
1263 3481 1625 3554 corporeo
1683 3458 2279 3532 destituturam:
2321 3461 2624 3532 caetera
2661 3456 2745 3530 in
2781 3480 3019 3548 mare,
3062 3456 3139 3530 id
3194 3461 3313 3532 est
3352 3459 3430 3531 in

558 3583 1056 3659 damnatione
1112 3584 1394 3659 saeculi
1432 3583 1685 3675 huius,
1728 3586 1808 3658 et
1847 3583 2314 3658 consortium
2354 3582 2755 3658 defluente.
2801 3581 2955 3656 Sub
2995 3584 3136 3658 hoc
3193 3583 3432 3678 igitur

558 3709 754 3800 Ι6611,
812 3732 1011 3805 quae
1066 3710 1207 3784 sub
1263 3708 1573 3782 Arahab
1631 3712 1711 3783 et
1767 3710 1847 3782 in
1900 3708 2115 3782 Raab
2180 3711 2402 3803 gesta
2455 3712 2659 3800 sunt,
2713 3708 3232 3783 contuendum
3289 3712 3429 3783 6613.

558 3834 1096 3929 Exploratores
1150 3855 1481 3929 namque
1539 3833 1689 3908 duo
1730 3833 1828 3907 ad
1882 3833 2420 3929 speculandam
2475 3837 2785 3924 terram,
2816 3837 2896 3908 et
2949 3834 3031 3907 in
3066 3833 3425 3909 Hiericho

559 3960 952 4035 civitatem
1007 3962 1106 4033 ad
1161 3960 1582 4034 meretricis
1636 3959 1864 4033 huius
1921 3958 2231 4033 domum
2296 3959 2830 4034 deverterunt:
2875 3959 3012 4033 hos
3066 3960 3428 4055 suscepit,

561 4085 641 4157 et
695 4084 1054 4174 occultat,
1111 4105 1288 4179 rege
1327 4084 1422 4157 ab
1480 4106 1573 4157 66
1629 4082 2096 4158 deditionem
2133 4082 2598 4179 postulante,
2640 4105 2979 4159 reversos
3016 4104 3177 4157 esse
3217 4105 3428 4158 men-

482 4303 491 4312 ·
560 4209 790 4282 titur:
852 4208 1122 4284 deinde
1177 4209 1360 4307 ipsis
1415 4208 1622 4282 domi
1678 4209 2026 4299 conditiS,
2086 4210 2199 4283 ait
2254 4212 2446 4284 scire
2502 4231 2603 4301 se,
2662 4209 2865 4306 quod
2903 4209 3160 4284 omnia
3216 4209 3432 4283 urbis

562 4336 724 4409 eius
788 4336 970 4432 ipsis
1042 4334 1413 4410 Dominus
1477 4334 1925 4410 tradiderit:
1999 4334 2400 4431 Deumque
2461 4329 2743 4431 :eorum
2818 4357 2979 4411 esse
3052 4357 3277 4408 suum
3357 4335 3438 4407 in

564 4462 773 4537 66616
830 4465 912 4536 613
967 4461 1046 4535 111
1109 4465 1320 4536 terra
1395 4462 1768 4553 deorsum,
1847 4464 1937 4534 ut
2009 4483 2089 4536 se
2163 4464 2397 4557 atque
2470 4447 2772 4537 omnem
2840 4461 3152 4536 domum
3219 4484 3434 4537 suam

562 4591 906 4683 tempore
961 4586 1369 4681 capiendae
1396 4578 1424 4620 ⁵
1461 4587 1672 4661 urbis
1736 4590 2187 4662 conservent
2240 4590 2618 4682 precatur.
2672 4587 3213 4683 Exploratores
3273 4588 3429 4685 pol-

563 4712 930 4803 licentur,
989 4712 1348 4808 quicquid
1415 4712 1623 4785 intra
1678 4710 1989 4786 domum
2061 4712 2224 4786 eius
2296 4716 2687 4808 repertum
2751 4716 2983 4803 esset,
3052 4713 3436 4788 incolume

564 4861 1051 4929 mansurum,
1110 4838 1255 4911 sibi
1309 4838 1452 4933 ipsi
1518 4833 1788 4911 1611111ὃ
1841 4837 2194 4911 futurum
2249 4838 2588 4933 quisquis
2654 4838 2877 4914 domo
2932 4843 3132 4914 esset
3186 4860 3432 4935 egres-

564 4983 740 5037 sus:
807 4985 966 5038 esse
1030 4967 1292 5038 autem
1355 4963 1656 5058 signum
1719 4963 2115 5059 pendentis
2176 4962 2269 5038 de
2333 4963 2671 5039 fenestra
2741 4965 2977 5039 vestis
3048 4964 3437 5039 coccineae

564 5090 1070 5165 constituunt.
1127 5089 1471 5185 Remque
1518 5111 1820 5164 omnem
1859 5089 2062 5164 Iesui
2098 5090 2486 5181 nuntiant,
2528 5090 2626 5162 ad
2680 5090 2950 5164 urbem
2986 5089 3257 5164 deinde
3312 5112 3439 5163 ac-

566 5214 892 5290 ceditur:
950 5216 1145 5290 hauc
1200 5215 1628 5290 sacerdotes
1666 5238 1842 5290 cum
1880 5237 2057 5290 arca
2092 5213 2400 5288 Domini
2436 5236 2567 5289 sex
2604 5214 2869 5289 diebus
2913 5217 3428 5290 circumeunt:

731 5501 747 5532 ¹
780 5490 1010 5553 adlecit
1036 5528 1105 5543 -
1134 5502 1157 5535 2
1184 5493 1408 5554 Matth.
1451 5493 1528 5571 V,
1555 5495 1598 5553 4
1623 5533 1697 5544 -
1723 5500 1745 5532 ³
1775 5492 2000 5554 Matth.
2042 5494 2125 5571 X,
2169 5495 2248 5553 34
2274 5522 2348 5534 —
2378 5502 2397 5533 ⁴
2427 5495 2774 5556 reservavit
2817 5530 2870 5540 -
2906 5501 2928 5534 ⁵
2959 5493 3257 5573 capienda
3274 5514 3290 5572 ;
3334 5493 3447 5555 sed

569 5590 901 5670 capiendae
944 5612 1097 5653 corr.
1140 5612 1300 5654 saec.
1343 5592 1506 5654 XVI
1545 5623 1610 5632 —-
1656 5602 1677 5634 ⁰
1706 5613 1898 5671 rcum,
1942 5592 2247 5654 adiectum
2289 5612 2449 5654 saec.
2494 5593 2636 5655 XV.
2699 5661 2706 5664 ,

3093 5693 3131 5748 4
