4642 6650
1084 1111 1156 1169 74

1210 741 1338 811 108
1521 781 1528 788 -
2184 768 2239 813 3.
2287 768 2550 815 savus
2596 767 3088 818 remeantum

1209 982 1290 1053 et
1341 1003 1761 1077 numquam
1815 985 2067 1060 siriste
2094 976 2142 1060 ¹.
2181 985 2457 1083 Itaque
2494 1010 2674 1085 ergo
2713 992 2873 1064 stat
2926 1012 3220 1087 semper
3270 994 3665 1089 presbiter,
3714 997 3868 1092 qui,
3908 999 4064 1093 epi·

1209 1125 1430 1200 scopo
1484 1129 1702 1202 grece
1756 1108 2077 1200 dicente,
2135 1111 2387 1188 siriste
2440 1113 3021 1209 interpretatur,
3077 1118 3170 1190 ut
3223 1139 3484 1193 omnes
3530 1119 3891 1196 audiant:
3934 1114 3943 1222 Ι
3985 1127 4070 1196 61

1208 1233 1697 1326 exponuntur
1729 1231 2090 1308 lectiones
2128 1236 2389 1327 etiam,
2428 1258 2951 1333 quaecumque
2979 1239 3059 1312 in
3106 1240 3418 1316 ecclesia
3444 1243 3849 1340 leguntur:
3889 1249 4070 1342 quia

1207 1376 1512 1458 necesse
1545 1359 1664 1431 est
1698 1378 1918 1452 grece
1952 1359 2131 1455 legi,
2161 1382 2458 1456 semper
2495 1365 2678 1452 stat,
2712 1364 2843 1459 qui
2880 1364 3131 1438 siriste
3171 1365 3727 1461 interpretatur
3762 1375 4074 1466 propter

1207 1480 1599 1575 populum,
1654 1484 1748 1555 ut
1801 1503 2096 1577 semper
2149 1484 2469 1559 discant.
2529 1485 2725 1561 Sane
2779 1487 3239 1584 quicumque
3292 1490 3414 1564 hic
3468 1491 3692 1566 latini
3747 1499 3953 1586 sunt,
3990 1497 4071 1569 id

1208 1605 1328 1677 est
1381 1604 1516 1698 qui
1567 1626 1707 1679 nec
1758 1605 2011 1681 siriste
2064 1629 2203 1684 nec
2256 1631 2475 1705 grece
2526 1614 2933 1701 noverunt,
2989 1634 3086 1685 ne
3140 1614 3718 1709 contristentur,
3758 1622 3839 1694 61
3889 1620 4071 1716 ipsis

1209 1728 1520 1824 exponit
1572 1727 1986 1825 episcopus,
2043 1732 2226 1827 quia
2280 1736 2463 1807 sunt
2518 1734 2653 1807 alii
2708 1733 2985 1810 fratres
3041 1739 3123 1810 et
3176 1758 3470 1814 sorores
3543 1743 3748 1837 greci
3819 1744 4066 1837 latini,

1210 1853 1343 1949 qui
1395 1853 1636 1929 latine
1690 1859 2083 1949 exponunt
2136 1857 2266 1932 eis.
2324 1858 2529 1931 Illud
2583 1862 2846 1934 autem
2902 1861 3025 1937 hic
3078 1865 3261 1937 ante
3314 1865 3572 1939 omnia
3624 1869 3850 1943 valde
3901 1892 4072 1966 gra·

1208 1981 1381 2053 tum
1431 1977 1547 2070 fit,
1604 1982 1686 2054 et
1736 1980 1963 2057 valde
2016 1984 2535 2076 memorabile,
2594 1988 2693 2059 ut
2747 2007 3043 2083 semper
3093 1990 3259 2061 tam
3312 1991 3529 2086 ymni
3581 2015 3813 2087 quam
3873 1996 4072 2069 anti-

1210 2102 1512 2197 phonae
1563 2106 1648 2177 et
1698 2105 2088 2197 lectiones,
2144 2129 2281 2182 nec
2334 2130 2489 2181 non
2543 2108 2782 2184 etiam
2836 2112 2919 2184 et
2972 2112 3379 2206 orationes,
3437 2137 3627 2210 quas
3682 2116 3884 2192 dicet
3920 2119 4072 2215 epi·

1211 2248 1501 2322 scopuS,
1557 2230 1754 2303 tales
1789 2231 2454 2324 pronuntiationes
2501 2233 2860 2324 habeant,
2916 2237 3008 2308 ut
3062 2237 3143 2309 et
3198 2235 3372 2328 diei,
3431 2239 3563 2334 qui
3617 2241 4067 2335 celebratur,

1209 2355 1292 2427 et
1344 2352 1533 2444 loco,
1589 2354 1669 2427 in
1725 2376 1875 2450 quo
1930 2356 2213 2450 agitur,
2272 2360 2500 2453 aptae
2555 2360 2636 2431 et
2690 2358 3224 2434 convenientes
3278 2365 3463 2435 sunt
3514 2385 3832 2460 semper.

1369 2478 1570 2552 Item
1608 2477 1769 2553 dies
1802 2480 2285 2554 enceniarum
2323 2481 2836 2576 appellantur,
2877 2483 3181 2578 quando
3211 2488 3476 2559 sancta
3506 2488 3841 2581 ecclesia,
3874 2514 4070 2586 quae

1209 2604 1290 2676 in
1346 2601 1728 2699 Golgotha
1783 2606 1921 2695 est,
1980 2627 2211 2699 quam
2265 2604 2724 2702 Martyrium
2783 2609 3084 2696 vocant,
3160 2613 3599 2684 consecrata
3671 2617 3789 2688 est
3864 2614 4069 2691 Deo:

1211 2727 1342 2801 sed
1395 2731 1494 2804 61,
1529 2730 1795 2802 sancta
1849 2729 2186 2819 ecclesia,
2243 2750 2441 2824 quae
2494 2734 2614 2804 est
2666 2730 2767 2804 ad
2820 2730 3221 2821 Anastase,
3278 2733 3357 2806 id
3412 2738 3532 2809 est
3584 2736 3665 2809 in
3720 2759 3810 2812 eo
3873 2739 4066 2832 1666,

1211 2850 1346 2924 ubi
1381 2850 1754 2925 Dominus
1790 2853 2209 2927 resurrexit
2242 2855 2419 2948 post
2449 2853 2901 2949 passionem,
2951 2874 3043 2928 ea
3097 2853 3220 2929 die
3276 2859 3356 2930 61
3410 2856 3579 2953 ipsa
3633 2867 4076 2937 consacrata

1211 2979 1331 3051 6313
1367 2973 1527 3050 Deo
1556 2966 1607 3050 ².
1645 2975 1943 3049 Harum
1979 2997 2159 3072 ergo
2214 2977 2700 3052 ecclesiarum
2744 2980 3183 3052 sanctarum
3218 2982 3533 3055 encenia
3569 3004 3741 3057 cum
3779 3007 4074 3060 summo

1212 3101 1502 3175 honore
1554 3100 2080 3176 celebrantur:
2139 3102 2505 3199 quoniam
2557 3124 2743 3177 crux
2798 3100 3105 3176 Domini
3159 3103 3474 3180 inventa
3527 3110 3648 3182 est
3699 3108 3864 3204 ipsa
3927 3110 4074 3185 die.

1212 3224 1315 3299 Et
1366 3225 1537 3300 ideo
1592 3228 1903 3321 propter
1938 3228 2081 3303 hoc
2119 3228 2232 3301 ita
2269 3226 2708 3301 ordinatum
2746 3230 2887 3318 est,
2927 3230 3020 3301 ut
3056 3229 3360 3323 quando
3397 3231 3731 3327 primum
3768 3236 4076 3309 sanctae

1214 3350 1571 3426 ecclesiae
1622 3353 2179 3449 suprascriptae
2247 3352 2912 3441 consecrabantur,
2990 3373 3083 3426 ea
3154 3353 3312 3429 dies
3384 3360 3605 3447 63361,
3683 3381 3835 3453 qua
3899 3380 4079 3434 crux

1213 3474 1523 3549 Domini
1574 3475 1832 3552 fuerat
1866 3478 2184 3553 inventa
2209 3467 2260 3568 ³,
2299 3480 2383 3552 et
2418 3476 2648 3550 simul
2700 3475 2907 3550 omni
2943 3476 3246 3551 laetitia
3283 3478 3551 3554 eadem
3587 3481 3710 3556 (116
3746 3482 4078 3558 celebra·

1374 3717 1394 3752 ¹
1423 3717 1681 3780 Saeculo
1721 3725 1939 3797 quarto
1978 3725 2043 3782 61
2081 3718 2275 3781 11111116
2324 3725 2509 3781 antea
2555 3719 2772 3798 lingua
2819 3739 3043 3799 graeca
3090 3723 3168 3783 ab
3223 3721 3486 3784 66616313
3535 3723 4083 3806 hierosolymitana

1213 3814 1624 3877 adhibebatur
1660 3816 1727 3877 in
1766 3817 1980 3878 sacris.
2022 3816 2256 3879 Graece
2295 3817 2531 3897 scripta
2572 3825 2671 3880 est
2709 3818 2964 3896 liturgia
3005 3818 3070 3880 S.
3110 3819 3322 3880 Iacobi
3376 3820 3661 3898 minoris,
3705 3843 3928 3901 graece
3969 3824 4082 3903 Cy-

1211 3911 1392 3972 1111113
1432 3910 1919 3990 concionabatur,
1960 3933 2182 3991 graece
2223 3914 2496 3994 episcopi
2535 3913 3067 3993 hierosolymitani
3096 3914 3496 3994 scripserunt.
3540 3916 3678 3990 Qua
3717 3917 3796 3980 de
3828 3939 3896 3981 16
3936 3919 4082 3981 vide

1211 4008 1684 4089 Renaudotium,
1725 4009 1804 4072 de
1842 4010 2147 4091 Liturgiis
2188 4012 2577 4075 orientalium
2590 4034 2606 4091 3
2649 4013 3128 4093 Tillemontium,
3157 4013 3477 4075 Mcmoircs
3518 4021 3563 4076 t.
3592 4015 3628 4076 1
3667 4016 3736 4077 in
3768 4016 3830 4079 S.
3858 4016 4081 4079 Iacobo

1212 4110 1480 4187 minor03
1521 4108 1825 4188 Lamium,
1864 4110 1964 4172 De
2008 4110 2355 4172 eruditione
2397 4112 2858 4190 Apostolorum,
2902 4118 2968 4173 613
3009 4112 3184 4174 31163.

1371 4207 1397 4244 ²
1424 4208 1683 4269 Festum
1724 4209 2170 4270 Encaeniarum
2209 4210 2609 4272 ecclesiarum
2634 4210 3316 4289 hierosolymitanarum
3343 4210 3446 4273 die
3472 4210 3713 4273 decima
3739 4210 3925 4273 tertia
3951 4231 4083 4290 sep-

1212 4306 1473 4368 tembris
1512 4307 1842 4384 quotannis
1883 4309 2258 4370 recurrebat.
2302 4308 2444 4382 Qua
2482 4307 2560 4370 (16
2598 4328 2667 4370 16
2705 4308 2849 4370 vide
2891 4309 3213 4371 Valesium
3265 4308 3331 4369 in
3378 4309 3545 4370 notis
3596 4308 3675 4369 ad
3719 4308 3946 4371 Euseb.
3984 4311 4083 4371 De

1213 4405 1346 4465 vita
1388 4403 1780 4465 Constantini
1818 4404 1860 4464 1.
1902 4403 2015 4482 IV,
2056 4425 2189 4483 cap.
2229 4406 2328 4466 46.
2371 4404 2772 4485 Addeetiam
2798 4404 3243 4466 Kalendarium
3272 4405 3419 4466 6661.
3450 4405 3772 4484 Syriacae:
3803 4405 4081 4484 Septem·

1213 4500 1346 4563 bris
1389 4503 1484 4580 13,
1525 4500 1836 4563 Encaenia
1873 4501 2092 4580 templi
2131 4502 2555 4580 Hierusalem;
2602 4504 2679 4562 14
2718 4502 3030 4563 Exaltatio
3072 4501 3312 4563 Crucis.

1375 4598 1400 4636 ³
1426 4600 1683 4662 Festum
1719 4600 2097 4662 inventionis
2150 4607 2401 4662 33116136
2456 4600 2675 4662 Crucis
2728 4600 2795 4661 in
2849 4600 3113 4662 66616313
3165 4600 3530 4663 occidentali
3584 4600 3930 4663 celebratur
3981 4600 4084 4664 die

1217 4695 1408 4757 tertia
1445 4696 1611 4773 maii,
1653 4695 1827 4758 6111113
1866 4697 1961 4759 161
2000 4697 2185 4759 testis
2227 4698 2535 4775 antiquior
2573 4697 2750 4758 Beda
2786 4717 2911 4758 non
2951 4703 3257 4777 superest.
3300 4697 3584 4776 Epistola
3623 4698 3786 4759 enim
3827 4698 4086 4760 Eusebii

1215 4792 1526 4873 pontificis
1566 4793 1643 4854 ad
1688 4794 2008 4874 episcopos
2051 4795 2423 4875 Campaniae
2466 4801 2531 4857 et
2571 4794 2833 4857 Tusciae
2892 4794 2971 4856 de
3012 4795 3114 4856 die
3155 4796 3356 4858 crucis
3400 4796 3695 4857 inventae
3738 4795 4090 4877 apocrypha

1216 4913 1254 4954 3
1291 4892 1448 4955 viris
1490 4891 1863 4954 doctissimis
1905 4893 2292 4955 existimatur
2333 4893 2718 4975 (Florentini,
2748 4894 3075 4955 Vetustius
3106 4893 3314 4956 Occid.
3346 4894 3494 4956 6661.
3521 4894 3783 4973 Martyr.
3804 4894 3866 4957 V
3891 4914 4087 4956 nonas

1215 4990 1474 5071 Maias):
1514 5009 1714 5068 neque
1753 4989 2003 5069 plurimi
2037 4972 2329 5053 'iacienda
2367 4998 2512 5053 311111
2550 4990 2951 5067 Κ31611ᾶ3113,
2994 5010 3169 5069 quae,
3213 4992 3492 5068 quamvis
3520 4992 3952 5069 antiquitatem
3990 5011 4086 5053 re·

1217 5087 1447 5167 dolent,
1488 5087 1654 5149 inter
1691 5107 1762 5149 se
1803 5094 1977 5149 tanta
2016 5087 2094 5150 de
2134 5108 2202 5150 re
2232 5088 2567 5151 dissentire
2593 5088 2905 5151 videntur.
2935 5088 3111 5162 Quae
3139 5109 3323 5166 quum
3345 5089 3598 5169 Pagius,
3627 5088 3727 5151 vir
3767 5096 4087 5151 emunctae

1215 5187 1405 5262 naris,
1447 5184 2007 5261 animadvertisset,
2050 5185 2118 5247 in
2157 5186 2577 5248 eruditissimo
2612 5186 3047 5247 commentario
3077 5184 3156 5246 ad
3187 5187 3438 5249 annales
3464 5186 3719 5248 Baronii
3749 5187 3913 5267 (ann.
3944 5186 4087 5266 335)

1215 5283 1370 5344 haec
1410 5281 1755 5343 subiunxit:
1802 5305 1834 5340 ‹
1856 5281 2185 5344 Dedicatio
2225 5283 2524 5344 ecclesiae
2564 5282 3143 5361 hierosolymitanae
3184 5276 3435 5361 peracta
3462 5283 3666 5343 idibus
3696 5284 4086 5361 septembris,

1218 5379 1285 5440 id
1328 5385 1442 5455 est,
1485 5377 1587 5439 die
1628 5378 1801 5438 XIII
1841 5379 2231 5457 septembris,
2273 5386 2345 5440 ut
2385 5378 2609 5441 docent
2647 5379 3032 5459 Nicephorus
3073 5380 3114 5439 1.
3145 5379 3327 5457 VIII,
3357 5400 3408 5440 6.
3437 5381 3534 5458 30,
3564 5380 3866 5459 Typicum
3891 5379 4090 5440 sancti

1220 5477 1437 5554 Sabae,
1492 5476 1911 5555 Menologium
1964 5476 2355 5557 Graecorum,
2409 5497 2483 5539 ac
2536 5477 2914 5557 Sophronius
2969 5477 3048 5538 (16
3099 5476 3491 5539 Exaltatione
3544 5484 3793 5540 sanctae
3850 5477 4087 5541 Crucis.

1221 5573 1504 5639 Ecclesia
1543 5580 1749 5638 tamen
1787 5581 1917 5636 tam
1972 5573 2373 5638 occidentalis
2426 5594 2610 5655 quam
2663 5574 2983 5638 orientalis
3034 5572 3267 5637 festum
3319 5576 3710 5640 exaltationis
3764 5596 3815 5640 3.
3872 5575 4088 5639 Crucis
