4642 6650
1451 801 1541 846 AD
1585 799 1759 848 LOCA
1805 799 2060 847 summ
2103 799 2214 846 An.
2261 802 2461 846 sss-sss
3306 784 3391 851 99

520 1018 602 1093 in
656 1018 1047 1094 ecclesiam
1112 1019 1481 1093 maiorem
1545 1040 1720 1094 cum
1792 1018 1924 1094 eis,
1982 1017 2129 1092 Ubi
2184 1017 2407 1092 iuxta
2460 1018 3091 1095 consuetudinem
3146 1018 3394 1093 omnis

520 1142 845 1238 populus
897 1141 1214 1237 vigilat:
1256 1146 1596 1238 aguntur
1631 1143 1762 1235 ibi,
1803 1166 2000 1241 quae
2039 1142 2608 1219 consuetudinis
2644 1146 2765 1219 est
2810 1143 3048 1218 etiam
3084 1145 3167 1219 et
3204 1145 3399 1240 aput

522 1257 701 1341 nos¹
759 1269 842 1342 et
896 1266 1103 1342 facta
1157 1267 1547 1343 oblatione
1599 1268 1691 1342 fit
1745 1268 1999 1342 missa.
2057 1266 2159 1341 Et
2211 1270 2388 1363 post
2442 1267 2648 1343 facta
2685 1267 2916 1342 missa
2954 1268 3397 1363 vigiliarum

521 1392 602 1464 in
655 1391 971 1466 ecclesia
1025 1392 1339 1483 maiore,
1397 1393 1666 1468 statim
1721 1415 1893 1467 cum
1930 1393 2185 1489 ymnis
2224 1393 2538 1467 venitur
2575 1392 2672 1466 ad
2710 1392 3129 1469 Anastase:
3170 1396 3253 1469 et
3287 1393 3397 1467 ibi

524 1516 775 1590 denuo
827 1515 1117 1610 legitur
1168 1516 1302 1591 ille
1355 1516 1567 1591 locus
1621 1517 2003 1613 evangelii
2073 1516 2676 1593 resurrectionis.
2744 1517 2872 1591 Fit
2944 1517 3238 1607 oratio;
3314 1521 3396 1593 et

524 1639 775 1716 denuo
829 1640 1102 1715 offeret
1153 1640 1586 1736 episcopus3
1652 1641 1787 1717 sed
1839 1645 2099 1717 totum
2161 1641 2261 1717 ad
2325 1644 2806 1716 momentum
2830 1633 2860 1676 ²
2922 1642 3015 1716 flt
3080 1645 3396 1737 propter

522 1764 913 1859 populum,
971 1785 1070 1839 ne
1128 1765 1419 1839 diutius
1475 1766 1854 1858 tardetur,
1912 1769 1993 1842 et
2047 1767 2153 1841 sic
2207 1749 2363 1840 iaTm
2420 1766 2860 1842 dimittetur
2898 1767 3246 1862 populus.
3287 1766 3400 1840 Ea

525 1891 789 1963 autem
842 1888 1033 1963 hora
1084 1888 1178 1963 fit
1230 1889 1461 1964 missa
1516 1889 1957 1987 vigiliarum
2009 1892 2174 1986 ipsa
2228 1890 2375 1982 die,
2433 1912 2587 1987 qua
2639 1891 2833 1965 hora
2869 1892 2950 1966 et
2986 1891 3181 1985 aput
3231 1910 3396 1963 nos·

685 2010 868 2088 Sero
923 2016 1188 2088 autem
1241 2013 1360 2087 illi
1404 2013 1565 2088 dies
1602 2015 1995 2110 paschales
2031 2015 2138 2090 sic
2176 2015 2716 2105 attenduntur,
2756 2013 3401 2111 quemadmodum

527 2139 610 2213 et
661 2137 758 2210 ad
812 2159 993 2213 nos:
1051 2142 1133 2214 et
1187 2138 1452 2214 ordine
1505 2161 1644 2213 suo
1698 2138 1900 2213 fiunt
1952 2139 2229 2214 missae
2295 2161 2432 2235 per
2502 2143 2676 2215 octo
2749 2139 2909 2214 dies
2982 2136 3398 2235 paschaleS,

527 2261 728 2337 sicut
780 2265 862 2338 et
916 2261 1198 2359 ubique
1250 2262 1343 2338 fit
1394 2263 1674 2360 pascha
1727 2241 1970 2359 usque
2022 2262 2122 2336 ad
2177 2266 2516 2339 octavas,
2571 2260 2716 2337 Hic
2771 2265 3035 2338 autem
3081 2261 3241 2358 ipse
3278 2282 3400 2334 or-

529 2388 760 2460 natus
812 2389 955 2479 est,
1013 2391 1096 2464 et
1147 2386 1315 2483 ipsa
1367 2387 1839 2483 compositio,
1895 2389 1979 2462 et
2029 2408 2167 2483 per
2219 2389 2394 2462 octo
2451 2386 2610 2461 dies
2666 2387 3014 2481 paschae,
3068 2404 3266 2480 quae
3321 2385 3404 2458 et

530 2530 668 2603 per
717 2510 1147 2607 epiphania,
1203 2513 1370 2585 tam
1425 2513 1504 2586 in
1558 2512 1871 2588 ecclesia
1924 2512 2236 2603 maiore,
2274 2534 2509 2607 quam
2546 2511 2646 2585 ad
2682 2509 3085 2601 Anastase,
3124 2510 3267 2582 aut
3302 2507 3403 2581 ad

529 2631 868 2726 Crucem,
926 2635 1050 2711 vel
1098 2634 1111 2728 Ι
1155 2635 1238 2709 111
1291 2635 1601 2727 Eleona,
1659 2636 1789 2712 sed
1842 2639 1925 2711 et
1976 2636 2059 2710 in
2110 2636 2532 2727 Bethleem,
2604 2656 2743 2711 nec
2815 2656 2970 2709 non
3028 2633 3267 2709 etiam
3319 2632 3400 2706 in

529 2756 876 2850 Lazariu,
931 2760 1056 2835 vel
1083 2760 1420 2856 ¹ubique,
1476 2763 1657 2858 quia
1711 2760 1871 2834 dies
1924 2760 2315 2856 paschales
2371 2763 2578 2835 sunt.
2635 2758 3084 2834 Proceditur
3136 2759 3401 2831 autem

529 2880 694 2975 ipsa
750 2881 873 2956 die
926 2881 1307 2959 dominica
1357 2885 1608 2980 prima
1659 2884 1742 2957 in
1778 2883 2092 2960 ecclesia
2127 2883 2441 2974 maiore,
2481 2882 2562 2956 id
2600 2884 2723 2956 est
2758 2880 2858 2955 ad
2893 2880 3399 2977 Martyrium:

528 3010 612 3081 et
665 3007 996 3081 secunda
1049 3006 1265 3101 feria,
1323 3013 1406 3083 et
1457 3010 1697 3084 tertia
1751 3008 1964 3099 feria,
2014 3008 2148 3083 ubi
2200 3007 2317 3082 ita
2352 3011 2644 3099 tamen,
2683 3010 2777 3081 ut
2813 3028 3134 3103 semper,
3171 3006 3405 3080 missa

530 3130 737 3205 facta
774 3131 868 3205 de
907 3131 1308 3228 Martyrio,
1347 3132 1446 3207 ad
1482 3132 1862 3209 Anastase
1899 3132 2259 3209 veniatur
2297 3153 2472 3207 cum
2524 3130 2801 3227 ymnis,
2861 3130 3156 3217 Quarta
3208 3129 3404 3205 feria

532 3257 797 3330 autem
849 3254 932 3329 in
967 3255 1257 3333 Eleona
1292 3256 1771 3354 proceditur:
1812 3257 2086 3354 quinta
2121 3255 2315 3332 feria
2352 3255 2451 3331 ad
2487 3253 2901 3331 Anastase:
2952 3258 3173 3331 sexta
3207 3254 3402 3331 feria

532 3381 614 3452 in
651 3378 891 3476 Syon:
929 3381 1253 3457 sabbato
1291 3385 1476 3457 ante
1512 3382 1789 3458 Cruce:
1830 3382 2210 3458 dominica
2263 3384 2527 3457 autem
2585 3381 2732 3471 die,
2773 3380 2853 3454 id
2909 3384 3028 3457 est
3082 3380 3403 3471 octavis,

532 3502 782 3579 denuo
836 3505 919 3578 in
971 3506 1287 3582 ecclesia
1339 3506 1651 3599 maiore,
1708 3506 1787 3580 id
1841 3509 1961 3581 est
2015 3506 2114 3581 ad
2167 3506 2654 3603 Martyrium.
2693 3504 2886 3601 Ipsis
2924 3507 3190 3592 autem
3229 3507 3404 3579 octo

534 3628 799 3703 diebus
851 3629 1333 3724 paschalibus
1386 3630 1731 3727 quotidie
1783 3633 1960 3728 post
2011 3629 2421 3727 prandium
2475 3628 2871 3725 episcopus
2944 3650 3120 3704 cum
3194 3628 3405 3703 omni

532 3752 732 3828 clero
787 3756 868 3828 et
920 3753 1275 3829 omnibus
1328 3755 1778 3847 infantibus,
1836 3755 1914 3829 id
1971 3757 2090 3830 est
2143 3754 2278 3851 qui
2331 3736 2707 3851 baptizati
2761 3752 3074 3844 fuerint,
3125 3755 3206 3828 et
3243 3774 3403 3826 om·

529 3878 756 3951 nibus
780 3933 800 3968 ‚
857 3878 990 3975 qui
1061 3879 1540 3975 aputactitae
1593 3882 1776 3954 sunt
1830 3879 1979 3954 viri
2033 3900 2122 3954 ac
2178 3877 2508 3971 feminae
2529 3933 2549 3969 ,
2606 3898 2745 3953 nec
2805 3898 2964 3951 non
3030 3876 3269 3952 etiam
3327 3879 3407 3952 et

532 4000 626 4075 de
661 4002 904 4098 plebe,
943 4003 1219 4099 quanti
1253 4002 1552 4095 volunt,
1593 4002 1675 4076 in
1710 4002 2000 4077 Eleona
2035 4001 2469 4077 ascendent.
2511 4000 2892 4076 Dicuntur
2927 4000 3167 4096 ymni,
3206 4000 3409 4074 fiunt

533 4125 942 4218 orationes,
981 4129 1147 4223 tam
1182 4128 1266 4201 in
1302 4127 1639 4219 ecclesia,
1679 4148 1878 4223 quae
1913 4127 1995 4200 in
2032 4127 2320 4202 Eleona
2359 4128 2501 4217 est,
2542 4124 2624 4198 in
2661 4148 2816 4221 qua
2854 4128 2975 4200 est
3020 4124 3405 4220 spelunca,

534 4249 617 4323 in
671 4272 824 4346 qua
848 4241 877 4285 ⁸
931 4251 1255 4327 docebat
1290 4250 1343 4324 J
1344 4273 1514 4326 esus
1554 4251 2002 4345 discipulos:
2043 4254 2208 4324 tam
2263 4248 2504 4324 etiam
2557 4248 2639 4322 in
2692 4248 3115 4340 Imbemon,
3172 4247 3253 4321 id
3290 4251 3410 4323 est

534 4372 616 4446 in
670 4394 761 4447 eo
815 4374 1009 4466 loco,
1064 4374 1160 4451 de
1214 4397 1365 4471 quo
1419 4374 1789 4450 Dominus
1844 4373 2186 4449 ascendit
2256 4372 2341 4446 in
2405 4371 2659 4448 coelis.
2735 4371 2839 4446 Et
2909 4374 3410 4468 posteaquam

536 4497 1067 4602 dicti-„fuerint
1100 4500 1399 4596 psalmi,
1441 4503 1522 4576 et
1558 4498 1806 4575 oratio
1843 4498 2052 4575 facta
2088 4498 2350 4591 fuerit,
2391 4497 2568 4574 inde
2604 4518 2847 4593 usque
2884 4495 2985 4571 ad
3032 4494 3410 4572 Anastase

694 4814 714 4852 ¹
743 4815 956 4893 Usque
997 4815 1076 4877 ad
1117 4814 1382 4878 mediam
1419 4821 1663 4878 noctem
1690 4815 1953 4895 populus
1981 4815 2047 4876 in
2074 4813 2336 4877 ecclesia
2360 4811 2684 4892 vigilabat,
2714 4831 2858 4874 nam
2885 4812 3073 4875 etiam
3099 4813 3167 4874 in
3193 4812 3410 4876 ordine

533 4933 785 4976 romano
821 4913 1083 4992 legitur:
1130 4936 1163 4971 ‹
1184 4912 1264 4974 In
1302 4913 1521 4991 vigilia
1557 4912 2059 4975 Remu-rectionis
2099 4911 2351 4973 Domini
2394 4917 2539 4972 ante
2579 4909 2847 4973 mediam
2886 4916 3133 4974 noctem
3158 4930 3283 4972 non
3311 4917 3411 4971 est

532 5009 940 5072 dimittendus
981 5009 1246 5089 populus
1286 5009 1458 5071 iuxta
1494 5030 1791 5072 canonum
1824 5009 2196 5072 sanctiones.
2219 5030 2250 5066 ι
2285 5008 2372 5069 Et
2397 5015 2578 5068 antea
2605 5006 2668 5068 S.
2697 5006 3117 5088 Hieronymus
3145 5007 3226 5068 ad
3252 5007 3408 5068 Lae-

532 5116 660 5170 tam
699 5107 982 5186 scripsit:
1028 5129 1061 5164 ‹
1085 5107 1162 5168 In
1203 5106 1305 5169 die
1331 5107 1685 5187 vigiliarum
1710 5107 2011 5183 Paschae,
2039 5113 2181 5168 ante
2206 5104 2410 5168 noctis
2440 5104 2765 5166 dimidium
2791 5105 3054 5185 populos
3081 5104 3411 5168 demittere

536 5224 661 5268 11011
699 5204 867 5267 licet.
893 5230 925 5263 ι

693 5302 718 5339 ²
745 5303 1147 5365 Festinanter
1185 5303 1274 5366 fit.

694 5399 720 5437 ⁸
748 5400 946 5480 Super
982 5422 1043 5464 v.
1084 5406 1155 5462 in
1193 5421 1321 5479 qua
1362 5402 1632 5482 scriptus
1673 5408 1772 5464 est
1812 5421 1890 5463 ex
1928 5402 2235 5465 contrario
2272 5420 2469 5464 nexus
2509 5399 2767 5464 duarum
2806 5400 3156 5462 litterarum
3189 5398 3412 5460 uncia-

533 5498 703 5577 lium,
742 5498 872 5576 PE,
901 5498 1143 5561 duobus
1181 5499 1432 5579 punctis
1472 5499 1904 5578 superpositis,
1932 5519 2090 5579 quae
2115 5499 2364 5563 litterae
2404 5498 2678 5563 initiales
2719 5505 2865 5561 sunt
2904 5496 3191 5561 vocabuli
3234 5518 3267 5555 ι
3296 5495 3413 5559 Pe-

537 5593 894 5673 regrinatio.
919 5617 953 5654 ›
