4642 6650
1530 719 1620 767 mc
1665 719 2018 768 nrs'rmms
2065 720 2152 766 m*
2199 718 2416 767 amm
3328 700 3408 765 13

537 944 735 1041 esset
808 933 1180 1017 hebetus¹
1241 941 1502 1034 oculiS,
1560 939 1973 1017 secundum
2031 938 2659 1013 consuetudinem
2713 928 3127 1013 monente²
3181 939 3412 1023 Esau,

537 1069 631 1141 ut
682 1067 829 1141 sibi
882 1090 973 1143 ex
1029 1068 1438 1144 venatione
1476 1066 1730 1142 cibum
1767 1068 2194 1163 praeparet,
2236 1067 2320 1139 et
2357 1068 2538 1140 ante
2574 1068 2874 1162 tempus
2915 1087 3096 1143 suae
3135 1066 3406 1140 mortis

533 1192 1031 1268 benedicatur
1084 1193 1182 1267 ab
1239 1215 1358 1268 eo:
1416 1192 1645 1288 idque
1700 1192 2037 1267 Rebecca
2091 1213 2263 1265 cum
2302 1192 2813 1286 comperisset,
2855 1190 3080 1265 Iacob
3131 1191 3408 1265 adhor-

534 1319 775 1409 tatur,
834 1340 1040 1393 escas
1096 1318 1336 1413 patris
1377 1318 1469 1392 de
1522 1317 1736 1393 hedis
1776 1316 2067 1391 duobus
2108 1317 2305 1391 citus
2361 1317 2790 1412 praeparet,
2833 1318 2914 1390 et
2950 1316 3152 1390 Esau
3208 1317 3410 1390 stola

534 1442 924 1516 induatur.
983 1443 1256 1517 Manus
1313 1443 1498 1535 eiUS,
1553 1443 1734 1539 quia
1788 1442 1978 1516 lenis
2017 1442 2141 1527 sit,
2183 1444 2418 1537 atque
2458 1442 2848 1532 cervicem,
2889 1441 3207 1537 illigatis
3264 1441 3409 1514 sibi

533 1568 904 1642 hedorum
959 1570 1306 1666 pellibus,
1367 1569 1816 1644 mentiatur.
1876 1567 2161 1654 Quibus
2216 1568 2473 1663 gestis,
2524 1567 3154 1658 benedictionem,
3213 1588 3409 1662 quae

533 1692 739 1773 Esau
795 1696 963 1769 erat
1017 1697 1290 1790 parata
1344 1693 1807 1791 praeripuit:
1867 1691 2137 1766 dehinc
2181 1691 2659 1767 benedicitur
2713 1692 3000 1766 talibus
3054 1691 3307 1772 verbis
3335 1682 3404 1764 ³:

545 1822 577 1855 ‘⁴
646 1819 835 1895 Ecce
890 1819 1078 1895 odor
1132 1820 1273 1895 filii
1326 1821 1479 1897 mei
1533 1820 1732 1894 sicut
1789 1818 1975 1894 odor
2028 1808 2195 1915 agri
2249 1819 2477 1913 pleni,
2545 1841 2769 1914 quem
2808 1818 3202 1893 benedixit
3255 1819 3406 1893 Do-

535 1945 833 2034 minus;
876 1948 958 2020 et
1014 1945 1146 2020 det
1199 1947 1346 2020 tibi
1383 1945 1755 2020 Dominus
1794 1969 1842 2018 a
1878 1967 2050 2021 rore
2106 1944 2297 2018 coeli
2344 1944 2723 2036 desusum,
2764 1947 2845 2017 et
2898 1945 2996 2018 ab
3052 1944 3411 2020 ubertate

533 2072 788 2146 terrae
844 2071 1397 2146 abundantiam
1428 2067 1455 2107 ⁴
1509 2071 1880 2145 frumenti
1944 2074 2025 2146 et
2078 2071 2280 2160 vini3
2349 2074 2430 2147 et
2494 2069 2831 2146 servient
2901 2069 3048 2143 tibi
3119 2071 3410 2164 genteS,

536 2199 616 2271 et
671 2196 1105 2271 adorabunt
1156 2206 1239 2272 te
1293 2196 1706 2293 principes;
1765 2199 1847 2271 et
1918 2200 2082 2272 esto
2151 2196 2503 2273 dominus
2557 2194 2822 2270 fratris
2891 2194 3035 2285 tui,
3093 2196 3176 2269 et
3228 2193 3407 2268 ado-

535 2319 820 2394 rabunt
873 2322 954 2393 te
1008 2320 1148 2393 filii
1203 2323 1446 2416 patris
1499 2320 1665 2394 tui:
1708 2322 1789 2395 et
1843 2319 1977 2415 qui
2040 2320 2523 2395 maledixerit
2575 2321 2679 2410 te,
2728 2316 3177 2393 maledictus
3233 2318 3410 2409 erit,

535 2445 617 2516 et
683 2442 814 2538 qui
870 2443 1347 2519 benedixerit
1410 2447 1513 2535 te,
1590 2443 2036 2519 benedictus
2112 2445 2262 2519 erit
2298 2500 2365 2532 ,,.
2437 2442 2794 2518 Cernitur
2828 2431 2856 2475 ⁵
2910 2440 3216 2536 quidem
3290 2462 3411 2515 res

530 2567 951 2649 secundum
1006 2570 1491 2663 praesentem
1546 2567 1627 2641 in
1683 2567 1886 2641 Esau
1943 2569 2026 2642 et
2081 2567 2307 2642 Iacob
2367 2568 2744 2657 effectum,
2804 2563 2935 2638 sed
2991 2564 3409 2659 spiritualis

535 2691 1079 2786 praeformatio
1145 2692 1487 2768 ordinem
1553 2716 1780 2768 suum
1863 2694 2184 2788 optinet.
2269 2692 2737 2768 Vendiderat
2818 2715 2954 2786 per
3021 2682 3412 2791 desifderia

534 2820 865 2913 corporis
919 2821 1297 2914 primatus
1335 2842 1512 2894 suos
1568 2820 1819 2895 senior
1857 2820 2298 2893 futurorum
2345 2820 2715 2894 honorem
2756 2819 2850 2893 ob
2891 2819 3154 2892 luxum
3194 2839 3409 2914 prae·

534 2942 868 3017 sentium
936 2942 1363 3039 desperans,
1432 2964 1522 3018 eo
1611 2965 1852 3039 usque
1917 2947 2184 3018 contra
2260 2944 2636 3017 iacturam
2700 2942 3219 3039 praesentium
3293 2943 3409 3015 iu-

535 3067 705 3141 nior
777 3068 1076 3143 coemit.
1153 3067 1547 3164 Numquid
1621 3092 1778 3143 non
1853 3068 2352 3167 corporaliter
2425 3069 2658 3164 gestis
2714 3068 3220 3164 spiritualiter
3283 3088 3410 3164 ge-

531 3192 768 3267 renda
831 3194 1294 3269 succedunt?
1360 3194 1503 3281 Qui
1568 3195 1906 3271 infideles
1964 3198 2168 3286 sunt,
2229 3217 2452 3269 omne
2508 3195 2794 3269 bonum
2860 3194 2941 3268 in
3010 3194 3413 3289 voluptate

532 3318 868 3414 positum
925 3319 1371 3394 existimant
1393 3342 1412 3409 ;
1471 3323 1552 3395 et
1606 3320 1948 3396 anterior
2000 3321 2328 3417 populus
2391 3321 2759 3396 honorem
2834 3318 3413 3394 resurrectionis

537 3464 672 3539 per
710 3443 1086 3519 desideria
1123 3445 1370 3518 carnis
1409 3445 1667 3518 amisit
1699 3466 1715 3517 τ
1769 3445 2161 3524 credentes
2201 3448 2465 3519 autem
2504 3444 2957 3519 renuntiant
2993 3442 3412 3541 praesenti·

533 3566 677 3641 bus
713 3568 1037 3664 gaudiis,
1079 3589 1382 3644 omnem
1421 3569 1500 3642 in
1536 3591 1655 3662 spe
1693 3570 2134 3643 futurorum
2162 3559 2191 3602 ⁶
2227 3591 2436 3664 spem
2474 3591 2693 3642 suam
2746 3568 3087 3642 locantes
3109 3588 3128 3657 ;
3182 3571 3263 3642 et
3317 3567 3413 3641 ob

538 3713 731 3784 eam,
772 3692 1028 3767 animo
1067 3696 1149 3768 et
1184 3716 1495 3790 corpore
1533 3696 2036 3787 continenteS,
2068 3694 2554 3791 praeripiunt
2583 3692 2970 3768 destinata
2997 3693 3410 3770 seniorum.

535 3815 735 3889 Nam
792 3815 1019 3891 Iacob
1074 3816 1278 3891 Esau
1352 3818 1553 3892 stola
1606 3819 1981 3911 induitur,
2054 3840 2249 3915 quae
2315 3841 2453 3913 pro
2527 3817 3137 3892 immortalitatis
3203 3819 3415 3893 veste

537 3944 1116 4016 commemorari
1170 3943 1367 4017 solet
1421 3943 1656 4019 etiam
1694 3944 1775 4017 in
1830 3943 2251 4040 evangelio,
2294 3943 2429 4016 ubi
2480 3942 2759 4016 stolam
2796 3942 3123 4038 primam
3162 3942 3417 4015 iunior

462 4149 471 4156 „
535 4061 777 4140 frater
829 4068 1058 4140 induit
1092 4060 1141 4140 ⁷.
1200 4067 1301 4142 Et
1356 4067 1558 4141 idem
1630 4069 1918 4164 accepti
1992 4068 2435 4165 patrimonii
2512 4068 2860 4142 decoctor
2934 4068 3277 4164 accepit:
3335 4069 3417 4141 et

533 4191 717 4286 quia
771 4213 864 4265 ex
901 4192 1233 4286 peccatis
1288 4195 1487 4282 esset
1541 4193 1623 4266 in
1675 4192 2011 4267 nitorem
2064 4193 2546 4268 innocentiae
2601 4192 3200 4284 transferendus,
3242 4191 3414 4265 ideo

428 4409 439 4416 .
533 4314 758 4390 Iacob
812 4316 894 4389 in
953 4316 1322 4392 hedorum
1361 4317 1686 4412 pellibus
1741 4318 2056 4413 tegitur,
2096 4341 2180 4393 re
2221 4318 2526 4414 quidem
2565 4319 2730 4414 ipsa
2768 4318 3034 4393 fratris
3089 4316 3416 4413 speciem

530 4437 1008 4513 imitaturus.
1053 4438 1198 4513 Sed
1256 4441 1437 4536 quia
1492 4462 1584 4516 ex
1621 4444 2016 4536 peccatore
2075 4445 2277 4517 esset
2316 4442 2775 4537 dignitatem
2831 4444 3246 4538 occupatae
3283 4441 3414 4515 be-

530 4563 989 4638 nedictionis
1047 4565 1475 4658 habituruS,
1533 4565 1615 4639 iu
1670 4564 1995 4663 pellibus
2053 4569 2580 4641 emortuarum
2636 4566 3016 4663 pecudum
3088 4566 3415 4641 formam

534 4691 951 4784 peccatoris
1007 4690 1367 4765 adsumit.
1424 4690 1600 4786 Ipsa
1657 4694 1919 4767 autem
1975 4691 2527 4767 benedictionis
2596 4692 2795 4765 ratio
2851 4693 3414 4786 verborumque

530 4812 778 4888 virtus
832 4814 1028 4890 nihil
1086 4814 1245 4890 illic
1300 4815 1716 4890 secundum
1788 4817 2010 4911 gesta
2091 4814 2526 4909 praesentia
2605 4815 3192 4912 intelligendum
3255 4835 3417 4890 esse

692 5084 709 5118 ¹
740 5072 1003 5138 habetne
1038 5112 1109 5124 -—
1153 5084 1174 5117 ⁸
1204 5082 1449 5138 monete
1488 5111 1570 5124 —
1609 5085 1632 5118 ⁸
1663 5076 1888 5140 Genesi.
1931 5077 2210 5159 XXVII,
2241 5077 2339 5139 27.
2371 5076 2496 5139 Sed
2525 5078 2777 5156 vulgata
2804 5076 3030 5139 habet:
3077 5099 3108 5135 ‹
3132 5076 3257 5137 Det
3288 5071 3406 5137 tibi

528 5170 701 5235 Deus
742 5173 822 5235 de
862 5194 1001 5237 rore
1042 5176 1200 5237 coeli
1240 5183 1305 5236 et
1344 5174 1422 5237 de
1463 5176 1835 5255 pinguedine
1865 5183 2068 5240 terrae
2097 5177 2533 5239 abundantiam
2560 5177 2854 5239 frumenti
2883 5183 2949 5238 et
2986 5171 3137 5238 vini.
3168 5175 3255 5237 Et
3296 5193 3421 5236 ser-

527 5272 703 5333 viant
728 5272 845 5333 tibi
881 5273 1111 5352 populi,
1143 5279 1209 5336 et
1237 5273 1495 5335 adorent
1525 5281 1588 5335 te
1616 5274 1835 5354 tribus,
1868 5281 2003 5337 esto
2034 5274 2317 5337 dominus
2345 5274 2607 5338 fratrum
2634 5281 2895 5355 tuorum,
2925 5281 2990 5337 et
3016 5274 3422 5336 incurventur

531 5377 676 5431 ante
718 5376 781 5431 te
809 5369 922 5431 filii
953 5371 1171 5433 matris
1200 5378 1361 5433 tuae.
1395 5372 1517 5444 Qui
1546 5372 1935 5435 maledixerit
1964 5373 2099 5453 tibi,
2129 5373 2214 5436 sit
2241 5373 2351 5436 ille
2379 5373 2761 5453 maledictus,
2791 5380 2857 5436 et
2890 5374 2993 5452 qui
3034 5371 3422 5434 benedixerit

529 5467 672 5545 tibi,
700 5467 1233 5531 benedictionibus
1260 5470 1573 5550 repleatur
1592 5494 1623 5529 ι
1672 5505 1750 5517 —-
1791 5480 1812 5511 ⁴
1843 5471 2327 5532 habundantiam
2368 5508 2448 5519 —-
2491 5481 2513 5514 ⁸
2545 5472 2793 5535 Ceritur
2833 5510 2890 5519 -
2929 5482 2952 5515 ⁶
2983 5472 3046 5533 in
3076 5471 3423 5533 futurorum

528 5600 611 5611 —
639 5573 659 5606 ⁷
689 5566 766 5627 In
807 5566 1017 5629 codice
1059 5566 1175 5631 hoc
1215 5569 1471 5631 verbum
1511 5568 1612 5632 vel
1657 5569 1861 5631 simile
1903 5569 2310 5633 desideratur.

3467 2709 3539 2766 12
