4642 6650
1246 768 1334 837 98
2205 829 2206 832 ,
2229 791 2281 837 0.
2331 789 2595 836 savum
2638 789 3133 837 Punueatmno

1239 1028 1375 1103 per
1426 1009 1592 1103 ipsa
1647 1007 2072 1103 septimana
2126 1008 2221 1083 de
2274 1008 2467 1081 hora
2519 1030 2747 1100 nona,
2805 1030 2957 1105 qua
2993 1009 3092 1081 ad
3127 1008 3590 1105 Martyrium
3626 1007 4101 1101 convenitur,

1239 1137 1804 1208 consueverunt
1857 1133 1984 1228 agi
2037 1155 2277 1230 usque
2333 1132 2431 1207 ad
2485 1154 2651 1209 sero
2687 1154 2825 1229 per
2859 1132 3025 1229 ipsa
3070 1133 3520 1229 septimana.
3557 1134 3789 1207 Missa
3840 1137 4103 1209 autem

1240 1255 1449 1331 facta
1484 1257 1577 1331 de
1614 1257 2074 1354 Martyrium
2113 1258 2424 1333 venitur
2461 1257 2559 1331 ad
2586 1256 3001 1348 Anastase;
3033 1261 3115 1334 et
3149 1258 3259 1332 ibi
3294 1281 3466 1333 cum
3493 1261 3815 1335 ventum
3840 1258 4103 1352 fuerit,

1241 1382 1526 1478 legitur
1579 1383 1709 1457 ille
1763 1383 1973 1456 locus
2028 1382 2122 1458 de
2176 1383 2598 1482 evangelio,
2653 1383 2790 1457 ubi
2843 1383 3041 1478 petit
3093 1404 3363 1478 corpus
3431 1382 3740 1457 Domini
3817 1382 3870 1456 J
3872 1385 4104 1478 oseph

1240 1531 1288 1581 a
1343 1506 1624 1598 Pilato,
1679 1514 1743 1581 et
1795 1509 2032 1604 ponet
2083 1507 2273 1581 illud
2329 1506 2411 1580 in
2465 1507 2809 1602 sepulcro
2862 1530 3089 1584 novo.
3144 1508 3307 1584 Hoc
3379 1510 3646 1584 autem
3712 1508 3937 1600 lecto,
4013 1507 4105 1582 fit

1238 1631 1513 1721 oratio,
1569 1631 2123 1707 benedicuntur
2174 1631 2709 1724 cathecumini‚
2763 1633 2870 1709 010
2923 1632 3014 1707 fit
3075 1631 3304 1707 missa
3331 1625 3379 1707 ¹.
3433 1634 3608 1729 Ipsa
3661 1635 3925 1707 autem
3981 1631 4103 1707 die

1237 1778 1393 1830 non
1450 1755 1793 1830 mittitur
1845 1778 2020 1848 voX,
2078 1759 2172 1830 ut
2223 1756 2725 1853 pervigiletur
2778 1757 2876 1831 ad
2929 1755 3332 1849 Anastase,
3382 1757 3745 1853 quoniam
3789 1756 3933 1832 0011,
3968 1778 4105 1851 po-

1236 1880 1505 1973 pulum
1560 1879 1978 1976 fatigatum
2030 1902 2225 1956 esse:
2282 1880 2416 1956 sed
2470 1880 2938 1956 consuetudo
2978 1884 3119 1973 est,
3156 1883 3250 1954 ut
3284 1880 3787 1976 pervigiletur
3821 1880 3951 1954 ibi.
3992 1878 4103 1955 Ac

1236 2003 1343 2077 sic
1399 2004 1533 2099 qui
1586 2003 1760 2078 vult
1813 2003 1907 2078 de
1959 2003 2266 2100 popu10,
2324 2003 2558 2079 immo
2613 2005 2750 2101 qui
2802 2008 3148 2101 possunt,
3204 2004 3573 2101 vigilant:
3645 2004 3778 2100 qui
3841 2006 4105 2078 autem

1234 2149 1391 2201 non
1443 2131 1784 2225 possunt,
1840 2150 1997 2202 non
2049 2127 2381 2223 vigilant
2431 2129 2541 2203 ibi
2595 2151 2835 2225 usque
2887 2129 2971 2202 in
3023 2151 3285 2205 mane:
3324 2128 3573 2205 clerici
3611 2131 3874 2203 autem
3908 2126 4100 2223 vigi-

1236 2251 1407 2326 lant
1459 2252 1590 2343 ibi,
1647 2252 1725 2325 id
1780 2255 1899 2327 est
1953 2252 2134 2347 quia
2187 2255 2282 2327 ut
2336 2252 2691 2328 fortiores
2747 2256 2951 2344 sunt,
3015 2255 3157 2327 aut
3208 2251 3641 2328 iuveniores
3663 2244 3737 2324 ἐ
3793 2254 3878 2326 01,
3929 2252 4103 2325 tota

1235 2379 1460 2452 nocte
1514 2375 1876 2450 dicuntur
1927 2375 2035 2449 ibi
2088 2378 2305 2472 ymni
2359 2378 2442 2452 et
2494 2376 2958 2481 antiphonae
3012 2397 3253 2473 usque
3307 2375 3408 2451 ad
3461 2396 3712 2450 mane.
3767 2374 4101 2449 Maxima

1234 2503 1498 2575 autem
1550 2500 1785 2574 turba
1838 2500 2344 2596 pervigilant:
2401 2500 2535 2575 alii
2589 2501 2683 2576 de
2736 2523 2928 2595 sera,
2987 2500 3123 2575 alii
3176 2500 3271 2576 de
3323 2500 3574 2576 media
3643 2502 3893 2592 nocte,
3969 2498 4103 2594 qui

1234 2626 1328 2698 ut
1379 2626 1721 2720 possunt.

1396 2748 1732 2823 Sabbato
1769 2753 2032 2823 autem
2069 2749 2225 2823 alia
2261 2748 2385 2823 die
2421 2748 2640 2822 iuxta
2677 2748 3311 2825 consuetudinem
3345 2747 3438 2821 fit
3472 2747 3571 2821 ad
3604 2748 3884 2823 tertia:
3914 2750 4102 2824 item

1233 2873 1326 2947 fit
1378 2873 1475 2947 ad
1530 2876 1784 2948 sexta:
1842 2872 1940 2947 ad
1993 2895 2278 2948 nonam
2333 2876 2597 2949 autem
2652 2874 2805 2947 iam
2861 2895 3014 2948 non
3052 2872 3144 2946 fit
3180 2872 3523 2963 sabbatO,
3562 2872 3694 2947 sed
3731 2876 4104 2968 parantur

1232 2997 1545 3093 vigiliae
1600 2997 1989 3093 paschales
2043 2997 2124 3071 in
2172 2999 2493 3073 ecclesia
2527 2999 2823 3090 maiori,
2863 2997 2942 3070 id
2980 3001 3097 3074 est
3133 2998 3215 3071 in
3251 2994 3739 3093 Martyrium.
3780 2996 4105 3093 Vigiliae

1234 3127 1498 3199 autem
1552 3123 1941 3220 paschales
1997 3123 2104 3197 010
2157 3127 2364 3216 sunt,
2423 3123 3065 3221 quemadmodum
3119 3122 3218 3195 ad
3269 3144 3431 3212 nos,
3480 3122 3625 3196 hoc
3676 3122 3924 3195 solum
3976 3123 4102 3197 hic

1233 3250 1560 3346 amplius
1614 3248 1742 3323 fit:
1798 3248 2003 3345 quod
2054 3248 2414 3341 infantes,
2473 3271 2645 3323 cum
2692 3246 3102 3345 baptidiati
3136 3245 3452 3335 fuerint,
3491 3248 3572 3319 et
3606 3246 3871 3320 vestiti
3909 3267 4093 3342 que·

1233 3373 1723 3449 madmodum
1762 3373 2019 3449 exient
2055 3372 2148 3448 de
2183 3372 2399 3449 fonte
2426 3365 2476 3465 ³,
2516 3373 2748 3447 simul
2782 3395 2957 3448 cum
2994 3372 3340 3469 episcopo
3378 3370 3708 3465 primum
3743 3370 3843 3444 ad
3891 3369 4098 3444 Ana-

1230 3502 1435 3574 stase
1490 3499 1897 3574 ducuntur.
1954 3497 2210 3571 Intrat
2246 3497 2636 3593 episcopus
2671 3497 2878 3572 intro
2917 3497 3286 3572 cancellos
3322 3494 3766 3572 Anastasis:
3822 3467 4101 3569 dicitu}

1231 3646 1430 3698 unus
1485 3643 1804 3721 ymnus3
1861 3625 1943 3698 et
1996 3622 2102 3697 010
2152 3621 2341 3698 facit
2386 3623 2813 3698 orationem
2849 3621 3238 3717 episcopus
3276 3643 3412 3716 pro
3460 3621 3589 3713 010,
3630 3623 3712 3696 01,
3748 3622 3856 3695 010
3888 3621 4104 3695 venit

1397 3934 1416 3971 ²
1447 3934 1615 3999 Nota
1653 3941 1786 3998 tres
1827 3941 2167 3998 conventus
2208 3934 2594 4013 vespertinos
2634 3933 2936 3996 celebrari
2975 3932 3134 3996 feria
3173 3939 3352 3995 sexta
3387 3932 3453 3993 in
3493 3931 3841 3995 Parasceve
3858 3978 3873 4009 ,
3915 3952 4102 3995 unum

1232 4041 1374 4097 ante
1403 4033 1679 4108 Crucem,
1722 4031 1984 4094 alterum
2023 4031 2089 4092 111
2132 4030 2394 4093 00010010
2432 4031 2740 4110 Many-rii,
2783 4030 3038 4092 tertium
3077 4030 3143 4090 111
3183 4030 3512 4092 Anastase.

1390 4130 1415 4166 ²
1444 4128 1674 4193 Clerici
1715 4130 1791 4190 ab
1832 4130 1970 4209 ipso
2012 4128 2355 4191 iuventutis
2394 4126 2547 4190 flore
2589 4128 2886 4191 ecclesiae
2928 4127 3293 4191 serviendae
3333 4128 3792 4191 addicebantur.

1393 4228 1417 4265 ³
1443 4226 1760 4307 Neophyti
1790 4246 2000 4289 01111100
2027 4225 2498 4306 appellabantur
2535 4224 2825 4303 infantes,
2866 4232 3198 4306 propterea
3222 4226 3384 4304 quod
3417 4225 3481 4286 in
3519 4244 3741 4288 novam
3778 4224 3972 4288 vitam
4013 4245 4101 4288 re-

1179 4330 1188 4339 '
1229 4327 1657 4389 nascebantur.
1699 4324 1761 4385 S.
1802 4324 2071 4385 Ioannes
2111 4324 2177 4384 in
2205 4323 2388 4402 epist.
2415 4323 2469 4401 Ι,
2512 4342 2565 4384 0.
2606 4326 2664 4399 2,
2707 4342 2765 4386 v.
2810 4324 2918 4384 14:
2964 4346 2997 4381 ‹
3022 4323 3235 4384 Scribo
3268 4323 3468 4401 vobis,
3496 4321 3789 4400 infantes,
3818 4321 4102 4402 quoniam

1229 4423 1610 4502 cognovistis
1649 4422 1920 4483 Patrem.
1944 4443 1975 4479 ι
2022 4420 2207 4481 80010
2249 4419 2425 4481 fonte
2452 4428 2747 4482 exeuntes
2779 4425 2988 4482 vestes
3016 4419 3192 4481 albas
3218 4419 3575 4500 induebant,
3613 4418 3936 4483 ecclesiam
3961 4440 4103 4481 mox

1229 4520 1522 4584 subibant
1559 4524 1897 4600 praeeunte
1937 4517 2246 4598 episcopo.
2290 4516 2353 4579 S.
2396 4517 2698 4578 Paulinus
2741 4536 2837 4597 ep.
2878 4517 2955 4578 21
3001 4516 3081 4577 ad
3122 4516 3452 4579 Severum:

1790 4737 1823 4772 ι
1844 4712 2001 4774 Inde
2040 4733 2265 4793 parens
2307 4732 2481 4775 sacro
2522 4712 2694 4774 ducit
2733 4712 2811 4774 de
2852 4710 3027 4775 fonte
3069 4711 3370 4775 Sacerdos

1871 4809 2152 4873 Infantes
2192 4810 2412 4873 niveos
2453 4830 2725 4891 corpore,
2767 4809 2971 4888 corde,
3011 4809 3247 4871 habitu.
3273 4831 3304 4867 ι

1231 5006 1538 5070 Solemnis
1581 5004 1881 5068 ecclesiae
1922 5022 2056 5065 mos
2096 5002 2218 5065 fuit
2257 5003 2514 5066 sabbato
2556 5008 2767 5066 sancto
2813 5002 2879 5063 in
2917 5001 3138 5081 vigilia
3164 5001 3445 5064 Paschae
3470 5001 3942 5065 resurrectionis
3966 5020 4104 5063 neo-

1226 5104 1458 5185 phytos
1485 5103 1816 5182 baptizare,
1845 5107 1917 5162 ut
1942 5099 2401 5179 intelligeretur
2429 5121 2537 5164 eos
2563 5121 2703 5163 cum
2746 5099 2997 5162 Christo
3038 5121 3078 5161 a
3115 5107 3312 5161 morte
3345 5098 3426 5161 ad
3464 5098 3871 5161 immortalem
3911 5099 4103 5160 vitam

1224 5222 1575 5281 resurgere.
1615 5202 1714 5263 De
1762 5200 2126 5279 baptisterio
2182 5220 2374 5279 prope
2428 5200 2792 5262 Anastasim
2843 5198 3121 5277 loquitur
3169 5197 3566 5260 Itinerarium
3617 5195 4103 5275 Burdigalense:

1231 5322 1264 5357 ι
1285 5300 1473 5361 Iussu
1511 5297 1904 5380 imperatoris
1944 5297 2205 5359 basilica
2244 5297 2412 5360 facta
2454 5304 2568 5375 est,
2595 5299 2662 5359 id
2691 5303 2809 5375 est,
2839 5295 3211 5358 dominicum
3236 5296 3431 5357 mirae
3465 5292 3965 5375 pulchritudinis,
4004 5292 4106 5355 ha·

1225 5395 1383 5456 bens
1423 5395 1504 5456 ad
1543 5395 1712 5456 latus
1754 5393 2121 5473 exceptoria,
2162 5392 2349 5455 unde.
2370 5413 2527 5471 aqua
2564 5393 2811 5456 levatur
2824 5437 2840 5470 ‚
2884 5400 2949 5454 et
3002 5391 3288 5454 balneum
3330 5412 3368 5454 a
3418 5398 3618 5470 tergo,
3667 5390 3778 5452 ubi
3827 5387 4104 5450 infantes

1227 5492 1545 5573 (videlicet
1582 5491 1905 5576 neophyti)
1946 5491 2248 5555 lavantur.
2273 5513 2307 5550 ›
2359 5491 2743 5571 Baptisterio
2786 5489 3139 5553 adiunctum
3179 5495 3314 5552 erat
3353 5489 3749 5568 vestibulum,
3780 5486 3842 5548 S.
3882 5484 4101 5565 Cyrill.

1229 5588 1479 5651 Catech.
1522 5591 1576 5652 Ι.
