4642 6650
1501 784 1589 827 An
1637 745 1808 829 6666
1853 780 2108 828 6616616
2152 781 2263 827 An.
2310 787 2515 829 sss-sss
3358 763 3441 829 75

571 1003 706 1101 qui
743 1003 850 1077 ibi
888 1006 1134 1095 erant,
1167 1005 1248 1078 et
1283 1002 1492 1078 facta
1528 1002 1878 1077 oratione
1916 1004 1997 1077 et
2033 1002 2589 1092 communione,
2619 1022 2925 1076 reversa
2950 1024 3120 1075 sum
3149 1000 3445 1074 Tharso

573 1129 668 1203 ad
724 1129 873 1204 iter
929 1095 1224 1203 me⁹um2
1281 1127 1417 1202 ubi
1470 1127 1678 1203 facta
1715 1127 2003 1203 stativa
2039 1127 2425 1217 triduana,
2466 1126 2546 1200 in
2580 1126 2887 1202 nomine
2926 1126 3066 1201 Dei
3102 1125 3445 1222 profecta

573 1277 739 1329 sum
778 1253 958 1329 inde
994 1255 1145 1328 iter
1181 1275 1461 1329 meum.
1503 1253 1613 1328 Ac
1666 1253 1772 1328 sic
1825 1251 2273 1348 perveniens
2312 1252 2576 1327 eadem
2617 1252 2740 1327 die
2795 1252 2891 1325 ad
2944 1251 3441 1340 mansionem,

576 1400 770 1474 quae
807 1379 1243 1474 appellatur
1271 1378 1801 1452 Mansocrenas
1820 1369 1868 1467 ¹,
1901 1398 2097 1473 quae
2124 1381 2243 1452 est
2271 1378 2412 1451 sub
2442 1380 2703 1451 monte
2732 1377 3007 1466 Tauro,
3039 1378 3148 1451 ibi
3175 1376 3446 1451 mansi.

573 1503 676 1577 Et
726 1502 902 1576 inde
957 1502 1113 1575 alia
1169 1502 1292 1576 die
1346 1502 1651 1577 subiens
1708 1505 2047 1577 montem
2102 1503 2467 1591 Taurum,
2518 1505 2601 1576 et
2636 1501 2919 1576 faciens
2972 1502 3124 1576 iter
3171 1503 3445 1575 notum

576 1649 710 1723 per
762 1627 1101 1722 singulas
1158 1627 1609 1722 provinciaS,
1668 1650 1859 1722 quas
1914 1627 2162 1702 eundo
2218 1628 2750 1716 transiveram,
2790 1625 2868 1699 id
2907 1629 3025 1702 est
3062 1625 3448 1721 Cappado-

575 1753 796 1844 ciam,
837 1752 1249 1843 Galatiam,
1307 1755 1388 1827 et
1441 1751 1888 1842 Bithiniam‚
1929 1751 2242 1848 perveni
2281 1749 2704 1826 Calcedona
2725 1742 2779 1841 ²,
2823 1750 2955 1824 ubi
2988 1753 3298 1846 propter
3335 1753 3448 1823 fa-

576 1875 1086 1951 mosissimum
1140 1875 1604 1972 martyrium
1668 1879 1978 1950 sanctae
2045 1875 2420 1950 Eufimiae
2444 1932 2462 1966 ‚
2540 1875 2638 1948 ab
2695 1875 2879 1949 olim
2932 1875 3123 1947 mihi
3173 1877 3451 1949 notum

575 2001 754 2089 iam,
813 1999 1018 2094 quod
1073 1997 1178 2073 ibi
1234 2000 1374 2089 est,
1435 1998 1680 2072 mansi
1732 1999 1921 2074 1666.
1965 1998 2074 2073 Α6
2110 1998 2216 2073 616
2252 2019 2433 2094 ergo
2471 1998 2626 2072 alia
2664 1997 2785 2073 die
2821 1997 3200 2072 transiens
3238 2019 3450 2072 mare

578 2124 888 2219 perveni
943 2123 1708 2217 Constantinopolim,
1767 2146 1997 2218 agens
2053 2122 2355 2198 Christo
2424 2122 2729 2198 domino
2799 2126 3062 2197 nostro
3135 2122 3448 2218 gratias,

579 2248 782 2345 quod
837 2249 1026 2322 mihi
1082 2248 1437 2344 indignae
1491 2250 1572 2322 et
1607 2271 1762 2323 non
1799 2250 2125 2324 merenti
2163 2250 2556 2343 praestare
2593 2248 2951 2344 dignatus
2991 2250 3110 2324 est
3142 2251 3450 2322 tantam

580 2375 952 2468 gratiam:
1008 2371 1086 2445 id
1141 2376 1281 2463 est,
1341 2376 1433 2446 ut
1489 2395 1643 2447 non
1698 2374 1949 2446 solum
2003 2373 2490 2448 voluntatem
2547 2372 2800 2463 eundi,
2841 2373 2972 2447 sed
3009 2375 3090 2447 et
3127 2373 3452 2448 faculta-

578 2502 741 2572 tem
792 2498 1399 2593 perambulandi,
1458 2520 1653 2594 quae
1709 2497 2254 2588 desiderabam,
2313 2498 2674 2593 dignatus
2729 2498 2983 2572 fuerat
3031 2501 3450 2592 praestare,

580 2626 664 2698 ct
714 2623 1149 2699 revertendi
1188 2623 1437 2697 denuo
1477 2622 2243 2718 Constantinopolim.
2285 2622 2433 2696 Ubi
2471 2644 2647 2697 cum
2686 2624 3084 2713 venissem,
3127 2645 3259 2717 per
3305 2624 3457 2702 sine

580 2749 799 2845 gulas
854 2746 1225 2838 666166166,
1264 2748 1387 2824 vel
1425 2748 1810 2844 apostolos
1833 2739 1885 2839 ³,
1921 2769 2062 2822 nec
2105 2769 2260 2821 non
2297 2768 2433 2844 per
2468 2747 2771 2842 singula
2810 2746 3207 2843 martyria,
3262 2769 3459 2843 quae

584 2874 689 2947 ibi
745 2871 1076 2968 plurima
1130 2872 1336 2963 sunt,
1392 2894 1547 2945 non
1595 2872 1982 2946 cessabam
2019 2871 2327 2945 domino
2364 2873 2628 2946 nostro
2666 2871 2842 2945 Iesu
2877 2870 3167 2966 gratias
3207 2892 3456 2967 agere,

585 2999 715 3095 qui
772 2999 885 3072 ita
937 3019 1163 3094 super
1218 3018 1340 3071 me
1395 2997 1986 3071 misericordiam
2043 3019 2263 3070 suam
2319 3000 2711 3091 praestare
2765 2995 3126 3093 dignatus
3172 2996 3453 3071 fuerat.

589 3123 702 3197 De
753 3145 907 3218 quo
960 3122 1151 3212 1666,
1210 3121 1584 3213 dominae,
1639 3122 1900 3197 lumen
1954 3142 2233 3214 meum,
2273 3144 2450 3197 cum
2495 3122 2682 3197 haec
2718 3121 2813 3195 ad
2854 3123 3195 3197 vestram
3233 3123 3453 3197 affec·

585 3248 873 3322 tionem
930 3247 1192 3321 darem
1217 3237 1269 3339 ⁴,
1326 3246 1482 3320 iam
1536 3245 1908 3343 propositi
1943 3249 2134 3337 erat,
2177 3246 2255 3320 in
2289 3247 2598 3323 nomine
2634 3247 2806 3322 Iesu
2847 3246 3129 3321 Christi
3166 3246 3456 3322 domini

587 3373 854 3464 nostri,
911 3373 1009 3447 ad
1067 3373 1327 3448 Asiam
1384 3372 1809 3463 accedendi,
1866 3372 1946 3445 id
2007 3375 2130 3446 est
2202 3372 2538 3464 Efesum‚
2611 3376 2923 3470 propter
2995 3372 3457 3470 martyrium

588 3496 833 3572 sancti
888 3501 970 3572 et
1023 3498 1232 3572 beati
1287 3498 1616 3592 apostoli
1669 3497 2032 3571 Iohannis
2103 3498 2359 3592 gratia
2425 3498 2817 3573 orationis.
2896 3496 2975 3572 Si
3045 3502 3308 3573 autem
3382 3501 3466 3572 et

589 3625 765 3718 post
817 3624 962 3700 hoc
999 3623 1079 3697 in
1114 3644 1339 3719 corpo
1367 3614 1395 3656 ⁵
1433 3623 1676 3714 suem,
1720 3623 1787 3698 si
1841 3647 1994 3720 qua
2030 3627 2379 3720 preterea
2414 3625 2581 3699 loca
2618 3645 3067 3720 cognoscere
3113 3628 3459 3721 potuere,

587 3936 736 3980 vero
776 3915 1277 3978 Manichaeorum
1332 3917 1522 3979 sectis
1564 3916 1798 3979 addicti
1840 3936 1878 3979 a
1939 3915 2290 3979 Theodosio
2346 3917 2734 3981 condemnati
2793 3940 2867 3981 ac
2919 3919 3235 3981 deturbati
3288 3919 3464 3981 fuere

589 4015 1132 4078 constitutionibus
1174 4035 1314 4076 ann.
1371 4016 1486 4077 381
1547 4014 1725 4097 (Cod.
1755 4012 1991 4077 Theod.
2033 4015 2140 4076 lib.
2181 4014 2362 4095 XVI,
2404 4015 2502 4077 tit.
2543 4016 2622 4094 V,
2683 4019 2781 4077 Dc
2821 4020 3143 4079 haereticis
3182 4016 3227 4078 1.
3274 4018 3336 4097 7)
3400 4024 3465 4079 et

589 4134 728 4175 ann.
771 4115 891 4176 383
934 4114 1107 4195 (ibid.
1151 4115 1193 4176 1.
1239 4115 1364 4195 11).

752 4212 771 4247 ¹
800 4212 1256 4289 Mansocrenas,
1298 4212 1557 4291 mansio,
1599 4231 1755 4290 quae
1795 4230 1957 4273 nunc
1995 4211 2261 4290 primum
2298 4212 2578 4281 noscitur
2615 4211 2813 4274 fuisse
2840 4214 2956 4289 sub
2996 4212 3197 4275 Tauro
3237 4193 3464 4291 monte,

592 4330 630 4371 a
655 4309 849 4372 Tarso
888 4308 1213 4372 duodecim
1251 4330 1546 4389 passuum
1586 4306 1859 4371 millibus
1901 4308 2197 4371 distabat.
2238 4310 2388 4371 Itin.
2410 4310 2603 4371 Burd.
2637 4334 2669 4369 α
2698 4311 2890 4374 Fines
2934 4310 3359 4393 Cappadociae
3403 4317 3469 4375 61
3581 4296 3590 4305 ’

593 4407 850 4470 Ciliciae
893 4443 971 4453 —
1010 4407 1254 4470 Mansio
1296 4408 1707 4471 Mansucrene
1745 4442 1827 4454 —
1867 4406 2108 4469 Civitas
2149 4406 2347 4470 Tarso
2390 4408 2646 4471 Ciliciae
2687 4409 2826 4470 XII
2849 4433 2905 4471 »-

748 4504 773 4541 ²
803 4504 1156 4567 Calchedon
1183 4506 1328 4567 urbs
1357 4505 1591 4586 inclyta
1615 4504 1952 4586 Bithyniae
1981 4505 2046 4567 in
2072 4505 2358 4568 faucibus
2384 4507 2711 4587 Bosphori,
2739 4508 2847 4571 ubi
2872 4507 3237 4587 martyrium
3264 4528 3315 4571 6.
3345 4509 3467 4570 Eu·

591 4602 878 4683 phemiae
919 4603 1184 4683 virginis
1224 4603 1461 4684 pietate
1502 4604 1767 4666 maxima
1805 4604 2053 4665 cultum.
2094 4605 2156 4666 A
2197 4604 2692 4686 Costantinopoli
2740 4605 2944 4669 facilis
2984 4613 3118 4669 erat
3164 4608 3468 4671 transitus

592 4700 755 4779 illuc,
797 4719 980 4779 quem
1017 4701 1332 4781 peregrini
1372 4701 1645 4765 libenter
1684 4701 1968 4781 agebant.

748 4798 773 4836 ³
800 4799 1084 4861 Ecclesia
1131 4799 1574 4879 Apostolorum
1611 4800 1678 4860 in
1715 4800 1868 4862 urbe
1909 4798 2447 4882 Constantinopoli
2502 4800 2789 4863 dedicata
2838 4807 2938 4863 est
2976 4800 3037 4864 V
3076 4798 3220 4863 idus
3269 4799 3469 4880 Apri-

592 4897 673 4958 lis
702 4895 1066 4974 CCCLXX,
1089 4904 1163 4958 ut
1194 4917 1270 4959 ex
1298 4896 1600 4959 Chronico
1629 4897 2048 4960 Alexandrino
2077 4906 2142 4961 et
2168 4898 2381 4963 Fastis
2409 4899 2626 4961 Idacii.
2648 4900 2856 4962 Aliam
2883 4900 3108 4962 deinde
3139 4898 3467 4963 ecclesiam

591 4995 657 5056 in
677 4993 971 5057 honorem
991 4992 1409 5074 apostolorum
1421 4995 1600 5057 Petri
1623 5002 1688 5058 et
1706 4996 1910 5074 Pauli,
1927 4982 2068 5060 ideo
2090 5000 2471 5075 apostolatum
2491 4997 2997 5076 cognominatam,
3012 4997 3272 5059 Rufinus
3294 5016 3466 5077 prae—

592 5091 795 5155 fectus
814 5092 1069 5155 mii-ifice
1105 5092 1394 5173 extruxit,
1430 5113 1587 5172 quae
1621 5114 1659 5156 a
1689 5093 1974 5175 plurimis
2011 5092 2319 5175 episcopis
2354 5101 2715 5157 consecrata
2750 5101 2850 5156 est
2883 5114 3040 5156 anno
3078 5092 3466 5156 CCCXCIV.
3532 5096 3539 5103 '

595 5190 839 5251 Zozom.
881 5189 1030 5267 VH,
1072 5209 1123 5252 6.
1168 5191 1264 5251 17.

754 5290 781 5324 ⁴
805 5289 972 5349 Dum
1011 5288 1166 5349 hanc
1207 5308 1355 5351 suae
1396 5289 1913 5369 peregrinationis
1942 5288 2421 5369 descriptionem
2450 5291 2759 5366 exarabat,
2790 5290 3006 5351 Asiam
3047 5290 3245 5351 denuo
3287 5307 3472 5350 acce-

595 5386 743 5446 dere
783 5385 852 5445 in
892 5386 1092 5445 animo
1135 5392 1441 5447 statuerat
1481 5386 1561 5447 ad
1600 5385 1938 5446 videndum
1979 5386 2215 5464 Ephesi
2255 5386 2618 5464 martyrium
2659 5406 2716 5448 s.
2739 5386 2992 5448 Ioannis
3021 5385 3306 5465 apostoli,
3348 5406 3468 5463 quo

600 5482 987 5546 Christianos
1025 5483 1407 5563 peregrinari
1449 5484 1670 5545 solitos
1711 5502 1851 5545 esse
1893 5490 2135 5545 constat
2175 5503 2252 5546 ex
2291 5485 2483 5547 Prato
2524 5485 2837 5565 spirituali
2878 5504 3008 5564 cap.
3055 5487 3190 5546 180.

763 5578 788 5615 ⁶
817 5579 920 5641 Sic
961 5577 1095 5640 cod.
1136 5579 1214 5640 Id
1257 5587 1387 5642 est:
1431 5579 1488 5641 si
1526 5578 1672 5641 viva
1711 5578 1905 5641 fuero,
