4642 6650
1454 785 1542 830 An
1588 785 1758 832 Loca
1805 785 2059 832 amorra
2104 785 2214 831 116.
2261 790 2465 833 sss-aes
3311 768 3398 831 49

519 1005 1056 1080 transivimus:
1117 1026 1312 1101 quae
1368 1004 1781 1079 Ramessen
1828 1005 2105 1079 civitas
2160 1027 2363 1080 nunc
2418 1027 2726 1100 campus
2764 1008 2904 1095 est,
2947 1007 3060 1079 ita
3115 1010 3208 1080 ut
3262 1028 3402 1081 660

526 1152 754 1203 unam
809 1130 1374 1203 habitationem
1443 1130 1749 1205 habeat.
1808 1130 2044 1204 Paret
2102 1153 2308 1220 sane,
2379 1132 2741 1226 quoniam
2799 1135 2878 1207 et
2933 1132 3199 1227 ingens
3253 1132 3406 1205 fuit

520 1276 655 1350 per
708 1254 984 1349 girum,
1025 1257 1105 1329 et
1139 1256 1393 1330 nullas
1429 1255 1753 1329 fabricas
1790 1255 2063 1329 habuit
2077 1277 2094 1345 3
2139 1257 2407 1330 ruinae
2438 1259 2693 1329 autem
2739 1256 2998 1350 ipsius,
3030 1257 3403 1352 quemad-

522 1380 833 1453 modum
890 1380 1267 1476 collapsae
1322 1384 1527 1471 sunt,
1587 1382 1667 1454 in
1705 1381 1929 1455 hodie
1969 1380 2317 1454 infinitae
2373 1383 2665 1475 parent.
2705 1381 2926 1455 Nunc
2976 1385 3238 1456 autem
3296 1382 3407 1454 ibi

520 1506 753 1579 nichil
807 1506 1019 1580 aliud
1075 1509 1214 1595 est,
1271 1506 1420 1580 nisi
1476 1509 1789 1580 tantum
1844 1529 2043 1579 unus
2097 1505 2290 1600 lapis
2348 1508 2611 1600 ingens
2667 1505 2991 1579 thebeus
3023 1498 3073 1597 ¹,
3115 1508 3194 1580 in
3251 1529 3404 1601 quo

523 1633 706 1703 sunt
734 1630 930 1706 duae
959 1633 1268 1705 statuae
1296 1632 1645 1705 exclusae
1677 1625 1726 1722 ²,
1784 1633 2152 1726 ingenteS,
2204 1653 2393 1726 quas
2442 1630 2705 1704 dicunt
2753 1651 2912 1704 esse
2963 1634 3410 1705 sanctorum

524 1755 942 1846 hominum,
1000 1755 1080 1828 id
1121 1758 1240 1830 est
1292 1755 1538 1851 Moysi
1576 1758 1656 1830 et
1712 1757 2011 1829 Aaron:
2057 1778 2237 1828 nam
2279 1755 2556 1845 dicent,
2599 1777 2687 1829 eo
2728 1755 2932 1850 quod
2980 1755 3118 1829 filii
3173 1756 3407 1831 Israel

524 1882 602 1955 in
657 1881 946 1956 honore
1002 1881 1340 1977 ipsorum
1395 1902 1524 1955 eas
1581 1880 1996 1975 posuerint.
2055 1879 2159 1953 Et
2216 1882 2335 1953 est
2392 1880 2498 1952 ibi
2564 1883 2964 1974 praeterea
3027 1883 3255 1955 arbor
3309 1882 3405 1955 61-

525 2006 832 2098 comori,
865 2026 1060 2100 quae
1100 2004 1382 2078 dicitur
1411 2028 1458 2077 a
1486 2004 1941 2099 patriarchis
1974 2003 2226 2098 posita
2260 2024 2463 2077 esse:
2495 2026 2675 2076 nam
2705 2004 2858 2076 iam
2887 2006 3410 2079 vetustissima

525 2133 663 2221 est,
703 2134 785 2204 613
823 2129 990 2203 ideo
1029 2128 1463 2224 permodica
1519 2131 1659 2215 est,
1716 2127 1900 2202 licet
1963 2130 2229 2202 tamen
2275 2126 2572 2200 fructus
2630 2127 2923 2201 afferat.
2987 2128 3188 2202 Nam
3253 2128 3408 2204 061-

526 2276 848 2349 cumque
902 2253 1400 2327 commoditas
1437 2243 1465 2286 ³
1518 2252 1777 2342 fuerit,
1840 2252 2123 2326 vadent
2179 2252 2309 2341 ibi,
2390 2254 2471 2325 et
2526 2252 2809 2327 tollent
2882 2252 3247 2343 surculos,
3332 2255 3414 2327 et

530 2378 761 2475 prode
818 2378 970 2452 illis
1026 2381 1166 2451 est.
1224 2377 1388 2450 Hoc
1444 2378 1729 2466 autem,
1790 2375 2175 2450 referente
2230 2377 2495 2450 sancto
2548 2377 2895 2472 episcopo
2952 2376 3044 2448 de
3100 2376 3411 2465 Arabia,

530 2503 1045 2598 cognovimus.
1104 2501 1304 2575 Nam
1361 2502 1520 2597 ipse
1572 2502 1794 2574 nobis
1853 2500 2052 2573 dixit
2088 2521 2367 2574 nomen
2407 2501 2642 2596 ipsius
2680 2501 2996 2591 arboris,
3050 2501 3409 2596 quemad-

532 2627 842 2701 modum
899 2626 1290 2722 appellant
1345 2647 1516 2699 eam
1571 2648 1819 2722 grece,
1878 2624 1957 2697 id
2014 2628 2133 2699 est
2201 2625 2532 2727 dendros
2593 2626 2948 2715 alethiae,
2981 2625 3210 2720 quod
3274 2647 3412 2699 nos

534 2751 852 2825 dicimus
889 2752 1117 2824 arbor
1153 2750 1506 2825 veritatis
1544 2751 1591 2825 ⁴.
1654 2750 1802 2837 Qui
1853 2753 2117 2823 tamen
2172 2752 2482 2824 66601366
2540 2749 2933 2844 episcopus
2988 2749 3209 2823 nobis
3264 2748 3414 2821 Ra-

534 2899 826 2952 messen
882 2899 1272 2952 occurrere
1328 2877 1686 2971 dignatus
1743 2879 1893 2951 est:
1951 2899 2132 2949 nam
2189 2878 2428 2949 etiam
2506 2877 2660 2949 iam
2715 2877 2966 2951 senior
3021 2877 3164 2967 vir,
3236 2898 3414 2951 vere

535 3002 722 3076 satis
777 3003 1175 3097 religiosus
1207 3024 1299 3077 ex
1336 3001 1731 3090 monach0‚
1773 3003 1853 3074 et
1892 3001 2218 3074 affabilis
2263 3001 2679 3096 suscipiens
2717 3002 3154 3097 peregrinos
3194 3001 3416 3076 valde

535 3126 764 3202 bene:
824 3149 1006 3199 nam
1062 3128 1142 3200 et
1196 3125 1276 3198 in
1334 3125 1728 3219 scripturis
1767 3124 1906 3199 Dei
1962 3124 2187 3199 valde
2225 3124 2572 3198 eruditus
2618 3127 2756 3199 est.
2799 3125 2966 3220 lpse
3007 3146 3186 3221 ergo
3244 3147 3417 3199 cum

538 3274 617 3328 se
675 3251 1037 3347 dignatus
1110 3250 1383 3324 fuisset
1456 3271 1755 3340 vexare,
1832 3252 1912 3323 et
1983 3249 2090 3322 ibi
2165 3249 2384 3322 nobis
2458 3271 2874 3341 occurrere,
2937 3250 3238 3344 singula
3314 3250 3420 3323 ibi

541 3377 897 3466 ostendit,
957 3397 1091 3450 seu
1146 3377 1419 3451 retulit
1475 3376 1566 3450 de
1624 3376 1756 3448 illa
1792 3377 2055 3448 statua
2081 3366 2131 3466 ⁵,
2173 3396 2364 3469 quas
2401 3374 2580 3465 dixi,
2633 3378 2723 3448 ut
2761 3376 2997 3449 etiam
3040 3378 3119 3448 et
3158 3375 3249 3449 de
3288 3376 3422 3447 illa

543 3503 814 3577 arbore
869 3503 1241 3576 sicomori.
1280 3501 1484 3574 Nam
1538 3504 1618 3575 et
1652 3501 1796 3576 hoc
1849 3499 2066 3575 nobis
2116 3501 2276 3595 ipse
2332 3502 2639 3574 sanctus
2688 3501 3083 3596 episcopus
3124 3502 3418 3589 retulit,

541 3649 632 3701 eo
688 3626 891 3722 quod
946 3627 1189 3699 Farao
1247 3625 1551 3720 quando
1624 3625 1855 3714 vidit,
1927 3623 2129 3719 quod
2199 3623 2337 3697 filii
2392 3623 2631 3698 Israel
2689 3624 3142 3697 dimiserant
3198 3647 3416 3700 eum:

540 3755 726 3826 tunc
778 3751 931 3840 ille,
970 3750 1414 3846 priusquam
1455 3752 1627 3844 post
1682 3748 1853 3822 illos
1891 3750 2318 3843 occuparet,
2360 3747 2545 3822 isset
2601 3771 2774 3823 cum
2814 3749 3021 3822 omni
3083 3751 3420 3823 exercitu

542 3899 679 3951 suo
735 3877 943 3950 intra
997 3876 1376 3963 Ramesse,
1435 3877 1516 3947 et
1572 3873 2026 3948 incendisset
2065 3895 2235 3948 eam
2292 3896 2620 3965 omnem,
2680 3876 2864 3969 quia
2907 3873 3213 3949 infinita
3253 3878 3423 3949 erat

541 4000 789 4091 valde,
848 4003 928 4074 et
1001 3999 1177 4073 inde
1232 3999 1406 4093 post
1458 3997 1654 4072 filios
1709 3997 1944 4072 Israel
2001 3997 2271 4072 fuisset
2326 4001 2794 4093 prosecutus

704 4124 942 4197 Nobis
997 4127 1260 4197 autem
1317 4123 1647 4196 fortuitu
1705 4122 1848 4196 hoc
1885 4123 2408 4218 gratissimum
2446 4125 2726 4214 evenit,
2770 4127 2860 4197 ut
2919 4146 3010 4199 ea
3068 4125 3211 4215 die,
3271 4149 3425 4221 qua

546 4250 892 4326 venimus
939 4249 1036 4322 ad
1091 4248 1561 4321 mansionem
1594 4247 1901 4337 Arabia,
1961 4247 2202 4343 pridie
2243 4272 2290 4321 a
2338 4249 2777 4323 beatissimo
2812 4248 2933 4322 die
2974 4247 3425 4345 6111111166166

708 4455 728 4490 ¹
756 4455 989 4533 Ingens
1029 4452 1191 4533 lapis
1234 4452 1513 4530 thebeus,
1558 4453 1694 4515 sive
1723 4472 1757 4514 e
1787 4451 2140 4514 Thebaidos
2169 4451 2402 4514 fodinis
2431 4453 2889 4533 porphyreticis
2921 4461 3152 4532 eratne,
3183 4454 3317 4517 sive
3349 4454 3431 4515 ad

549 4552 1016 4615 similitudinem
1058 4571 1266 4613 eorum
1306 4551 1528 4630 factus,
1570 4572 1722 4628 quos
1762 4553 1831 4613 in
1870 4552 2068 4612 ruinis
2109 4550 2462 4613 Thebarum
2503 4553 2747 4614 viderat
2788 4554 2943 4633 ipsa.

707 4650 731 4685 ²
758 4651 1217 4711 Monumentum
1240 4648 1675 4728 pharaonicum
1716 4649 1915 4710 fuisse
1959 4669 2200 4726 censeo,
2225 4649 2289 4710 16
2332 4670 2451 4727 (160
2493 4649 2761 4712 fortasse
2784 4650 3033 4727 quidam
3062 4671 3136 4712 ex
3176 4652 3431 4729 regibus

550 4769 686 4809 cum
732 4747 978 4809 Osiride
1029 4754 1161 4808 erat
1201 4746 1485 4808 effictus:
1529 4747 1642 4808 sed
1685 4767 1756 4809 eo
1800 4754 2076 4827 tempore
2118 4746 2459 4809 christiana
2497 4748 2701 4827 pietas
2748 4748 2928 4827 plura
2967 4749 3276 4810 mirabilia
3314 4750 3432 4811 Ae-

546 4846 726 4925 gypti
763 4850 1154 4906 monumenta
1182 4844 1262 4905 ad
1291 4850 1540 4905 sauctae
1570 4845 1911 4924 scripturae
1940 4852 2218 4923 tempora
2248 4850 2312 4906 et
2340 4844 2618 4906 homines
2645 4845 2974 4908 referebat.

706 4942 731 4979 ³
761 4943 970 5005 Codex
1010 4944 1100 5004 ita
1141 4963 1208 5004 se
1246 4942 1469 5003 habet:
1517 4963 1549 5001 ‹
1578 4942 1738 5003 Nam
1780 4943 2135 5020 cuicumque
2176 4943 2243 5003 in
2285 4964 2404 5020 quo
2447 4944 2715 5005 moditas
2755 4943 2948 5005 fuerit
2974 4968 3028 5006 ».

706 5043 733 5076 ⁴
762 5042 839 5102 In
891 5041 1167 5119 margine
1223 5040 1471 5102 chartae
1523 5040 1881 5101 adnotatum
1924 5048 2054 5102 est:
2097 5076 2174 5086 —
2219 5033 2461 5132 δενδρος
2512 5042 2774 5117 αληθιας
2806 5079 2901 5105 -.
2939 5043 3433 5122 Palaeographia

547 5138 627 5200 ad
668 5160 828 5202 saec.
869 5139 995 5201 XV
1037 5145 1319 5218 spectare
1360 5138 1646 5199 videtur:
1688 5140 1969 5218 suspicor
2008 5160 2251 5200 manum
2295 5139 2545 5218 Poggii,
2588 5140 2693 5218 qui
2749 5160 2862 5220 per
2903 5140 3136 5217 aliquot
3190 5140 3325 5201 dies
3367 5141 3432 5200 in

548 5238 820 5299 Abbatia
859 5239 1165 5299 casinensi
1207 5238 1453 5299 codices
1497 5237 1756 5299 adsidue
1797 5239 2270 5317 pervestigavit.

709 5335 734 5371 ⁵
763 5336 864 5396 Sic
905 5336 1039 5397 cod.
1080 5335 1297 5413 Neque
1338 5356 1485 5397 vero
1529 5343 1708 5396 erant
1750 5342 2013 5414 statuae,
2057 5337 2170 5398 sed
2214 5356 2370 5417 opus
2414 5336 2833 5414 anaglyphum
2860 5336 2925 5397 in
2962 5337 3177 5397 eodem
3207 5336 3435 5414 lapide.

713 5434 738 5470 ⁸
765 5432 868 5495 Sic
908 5433 1041 5495 cod.
1095 5454 1207 5512 pro
1258 5434 1477 5511 vigilia
1534 5433 1937 5513 Epiphaniae.
1991 5435 2175 5495 Hunc
2228 5434 2659 5496 beatissimum
2713 5434 2878 5495 diem
2932 5434 3111 5510 dicit,
3170 5434 3247 5493 ob
3302 5454 3437 5493 eam

559 5551 796 5609 quoque
838 5552 1103 5610 causam,
1137 5531 1299 5608 quod
1326 5540 1471 5592 tuuc
1497 5531 1719 5594 Graeci
1748 5554 1819 5593 ea
1848 5534 1987 5612 ipsa
2015 5533 2116 5594 die
2147 5533 2434 5595 Natalem
2457 5532 2706 5594 Domini
2735 5533 3145 5610 celebrabant,
3176 5531 3436 5609 ideoque

558 5629 813 5708 vigiliae
853 5636 1186 5691 nocturnae
1226 5628 1501 5707 agendae
1547 5637 1722 5690 erant
1763 5629 1828 5689 in
1870 5629 2152 5691 ecclesia.

3085 5753 3115 5803 7
