4642 6650
1466 761 1554 807 116
1603 760 1771 808 16611
1817 760 2071 809 sanem
2118 762 2225 807 Au.
2274 767 2478 809 365-166
3326 744 3408 807 51

535 854 855 863 ——-—--—-—--—--—-
1382 855 1517 860 -Μ
1554 855 1579 860 .-
1688 854 1791 860 «ο-ι
1896 854 1985 859 -——
2002 854 2011 859 -
2098 854 2211 859 -ae-—w-
2260 854 2348 859 Ὕ-ψ
2367 856 2386 860 -
2405 854 2552 860 -——----
2563 854 2662 859 —-
2721 855 2748 859 ff
2763 854 2820 858 72-
2865 854 2882 859 ·-
2917 854 3048 860 -·-—--·-—
3071 855 3106 858 μ
3207 854 3264 859 -ο
3347 854 3416 859 θ»-

532 983 853 1073 reverti,
910 983 990 1055 et
1045 982 1220 1056 inde
1277 980 1621 1055 Tathnis.
1662 979 2153 1055 Proficiscens
2209 1003 2388 1076 ergo
2446 980 2540 1056 de
2603 980 2947 1071 Tathnis,
3014 980 3415 1053 ambulans

528 1127 662 1200 per
717 1105 868 1179 iter
923 1104 1076 1178 iam
1134 1107 1409 1178 notum
1463 1105 1775 1200 perveni
1834 1104 2176 1179 Pelusio:
2221 1107 2302 1177 et
2359 1105 2532 1178 inde
2590 1104 3062 1201 proficiscens
3138 1103 3412 1193 denuc,

530 1229 823 1305 faciens
879 1230 1029 1304 iter
1083 1251 1218 1326 per
1273 1230 1612 1326 singulas
1666 1232 2097 1304 mansiones
2154 1230 2458 1325 Egypti,
2516 1252 2652 1326 per
2706 1253 2893 1324 quas
2948 1230 3097 1303 iter
3133 1228 3420 1303 habue-

530 1379 813 1455 ramus,
873 1356 1187 1451 perveni
1243 1355 1339 1429 ad
1414 1356 1602 1429 fines
1661 1355 2117 1430 Palestinae.
2178 1355 2278 1429 Et
2354 1355 2528 1431 inde
2609 1355 2691 1428 in
2767 1356 3071 1430 nomine
3138 1354 3420 1428 Christi

536 1481 678 1555 Dei
713 1480 983 1569 nostri,
1028 1479 1312 1554 faciens
1344 1480 1591 1555 denuo
1631 1482 2065 1555 mansiones
2103 1480 2413 1575 aliquod
2454 1501 2590 1575 per
2626 1479 3039 1571 Palestina,
3080 1500 3421 1574 regressa

535 1628 700 1679 sum
757 1604 838 1677 in
892 1603 1140 1696 Helia,
1197 1604 1290 1702 id,
1329 1607 1449 1680 est
1503 1604 1580 1678 16
1636 1604 2191 1678 1616661116616.

529 1821 533 1825 ¹
691 1729 890 1804 Item
944 1733 1338 1805 transacto
1394 1731 1791 1827 aliquanto
1848 1734 2214 1825 tempore,
2256 1735 2337 1805 et
2373 1731 2687 1806 iubente
2742 1732 2926 1823 Dec,
2981 1731 3133 1806 fuit
3170 1731 3419 1806 denuo

534 1856 893 1930 voluntas
948 1856 1352 1930 accedendi
1408 1878 1651 1951 usque
1688 1856 1786 1931 ad
1823 1856 2212 1947 Arabiam,
2255 1856 2333 1929 id
2371 1860 2489 1931 est
2527 1857 2625 1929 ad
2661 1861 3003 1931 montem
3038 1855 3317 1931 Nabau
3355 1849 3411 1930 ¹:

535 1981 618 2054 in
676 2002 765 2054 eo
820 1980 1014 2072 loc0,
1073 1980 1154 2053 in
1209 2002 1362 2076 quo
1417 1981 1642 2054 iussit
1696 1981 1902 2056 Deus
1957 1980 2356 2056 ascendere
2397 1982 2739 2077 Moysen,
2775 1981 3026 2056 dicens
3066 1982 3163 2054 ad
3200 2003 3419 2056 eum:
3531 2004 3534 2007 ²

545 2109 576 2140 “
616 2103 958 2178 Ascende
1015 2104 1096 2177 in
1152 2108 1494 2178 montem
1548 2104 1868 2196 Arabot,
1926 2108 2265 2179 montem
2323 2102 2625 2195 Nabau‚
2686 2106 2820 2199 qui
2879 2107 2996 2179 est
3063 2106 3144 2177 16
3215 2108 3425 2179 terra

534 2229 760 2304 Moab
815 2231 1084 2304 contra
1139 2229 1414 2304 faciem
1467 2229 1747 2305 Ierico:
1806 2232 1890 2304 et
1962 2230 2136 2305 vide
2191 2232 2487 2305 terram
2552 2230 2938 2322 Chanaan,
2996 2252 3226 2325 quam
3284 2250 3423 2324 ego

538 2354 635 2427 do
689 2352 867 2428 filiis
920 2353 1157 2429 Israel
1212 2356 1295 2428 in
1349 2355 1919 2450 possessionem,
1962 2358 2043 2430 et
2081 2376 2381 2431 morere
2420 2355 2499 2428 in
2537 2357 2802 2429 monte
2842 2356 3030 2451 ipsc,
3069 2355 3151 2427 16
3198 2376 3472 2462 quem·

543 2480 970 2556 ascenderis
1010 2538 1041 2570 ‚,
1070 2472 1121 2555 ².
1180 2481 1453 2577 Itaque
1510 2503 1690 2577 ergo
1747 2482 1953 2556 Deus
2008 2484 2276 2556 noster
2331 2480 2565 2572 Iesus,
2609 2481 2743 2576 qui
2775 2484 3175 2576 ,sperantes
3222 2481 3304 2552 in
3347 2501 3427 2552 se

540 2628 694 2678 1166
752 2606 1071 2697 deseret,
1130 2602 1367 2680 etiam
1424 2610 1505 2680 613
1557 2607 1638 2679 16
1691 2607 1836 2682 1166
1891 2606 2280 2681 voluntati
2339 2629 2554 2682 meae
2610 2606 2965 2681 effectum
3035 2607 3428 2701 praestare

492 2724 899 2825 ‘dignatus
956 2732 1094 2804 est.
1152 2728 1642 2805 Proficiscens
1679 2753 1859 2826 ergo
1897 2723 2370 2832 Ierusollima
2435 2731 2750 2805 fecimus
2816 2730 2967 2804 iter
3028 2753 3200 2804 cum
3257 2752 3425 2802 san·
3481 2734 3550 2790 41

541 2853 705 2944 ctis,
765 2852 842 2925 id
898 2856 1016 2927 6613
1089 2846 1509 2950 presbitero
1576 2855 1671 2929 de
1728 2854 2172 2928 diaconibus
2228 2854 2321 2928 de
2376 2853 2833 2928 Ierusolima
2907 2856 2989 2927 et
3061 2853 3430 2927 fratribus

542 2976 979 3072 aliquantis,
1030 2978 1105 3052 id
1163 2981 1282 3053 est
1318 2981 1731 3054 monachis.
1773 2979 2273 3055 Pervenimus
2310 3000 2491 3075 ergo
2531 3001 2775 3075 usque
2818 2979 2915 3052 ad
2953 2999 3131 3051 eum
3178 2978 3428 3052 locum

540 3101 912 3194 Iordanis,
991 3104 1122 3177 ubi
1196 3103 1338 3177 filii
1411 3104 1652 3178 Israel
1734 3105 2228 3195 transierant,
2307 3104 2615 3199 quando
2671 3124 2799 3207 eos
2854 3107 3163 3179 sanctus
3217 3101 3432 3176 Iesus

546 3225 747 3298 filius
802 3227 1020 3302 Nave
1075 3227 1479 3303 Iordanem
1535 3228 1968 3318 traiecerat,
2028 3229 2226 3303 sicut
2279 3229 2651 3323 scriptum
2709 3231 2827 3302 est
2882 3229 2962 3301 in
3018 3228 3213 3302 libro
3254 3227 3429 3301 16611

549 3352 788 3427 Nave.
847 3352 1047 3427 Nam
1121 3356 1202 3428 et
1252 3354 1465 3428 166116
1518 3355 1648 3430 1116
1703 3357 2051 3429 ostensus
2106 3358 2225 3429 est
2278 3356 2521 3446 661116,
2580 3356 2799 3449 quasi
2845 3355 3135 3429 modice
3176 3355 3429 3444 altior,

545 3477 677 3551 11111
731 3477 871 3551 filii
924 3478 1195 3553 Ruben
1250 3482 1333 3553 et
1389 3479 1553 3553 Gad
1611 3482 1693 3554 et
1747 3480 2062 3554 dimidia
2115 3482 2366 3555 tribus
2423 3480 2769 3555 Manasse
2807 3481 3153 3555 fecerant
3192 3505 3430 3569 aram,

554 3604 630 3677 in
686 3624 778 3678 ea
832 3606 1052 3700 parte
1104 3605 1342 3702 ripae,
1386 3629 1538 3703 qua
1576 3609 1695 3681 est
1730 3578 2100 3680 161161163.
2143 3606 2654 3680 Transeuntes
2695 3628 2874 3703 ergo
2913 3605 3241 3679 fluvium
3270 3626 3437 3702 per·

546 3732 891 3806 venimus
946 3730 1044 3805 ad
1126 3731 1547 3824 civitatem,
1606 3753 1756 3828 que
1810 3732 2241 3829 appellatur
2297 3726 2695 3824 Libiada⁴‚
2773 3754 2971 3828 quae
3031 3734 3154 3806 est
3209 3732 3290 3804 in
3345 3752 3434 3807 eo

706 4028 725 4065 ¹
756 4029 1166 4110 Septuaginta
1186 4029 1423 4114 Ναβαύ,
1447 4029 1631 4091 hebr.
1652 4035 1717 4091 613
1744 4028 1920 4108 vulg.
1963 4029 2162 4107 Nebo,
2198 4049 2375 4090 mons
2418 4048 2605 4109 supra
2644 4029 2982 4091 ‚Iordanem
3024 4034 3240 4090 contra
3280 4027 3441 4090 seri-

546 4124 728 4186 chum
766 4126 832 4187 16
874 4133 1047 4188 sexto
1089 4126 1355 4189 miliario
1393 4129 1569 4190 urbis
1610 4129 1821 4190 Esbus
1865 4129 2040 4208 (Eus.
2083 4134 2147 4189 613
2186 4127 2444 4190 Η16166.
2489 4127 2568 4190 611
2611 4148 2741 4190 voc.
2762 4131 3018 4189 Abarim
3059 4132 3124 4188 et
3164 4126 3437 4207 Nabau).

544 4223 834 4285 Nonnulli
866 4245 1008 4287 eum
1036 4227 1610 4289 animadverterunt
1636 4227 1703 4288 in
1727 4228 1901 4288 Jebel
1926 4230 2206 4306 Atlarus,
2237 4227 2350 4289 sed
2380 4228 2459 4289 ad
2487 4227 2818 4289 veritatem
2857 4226 3119 4288 maxime
3147 4226 3442 4287 videntur

545 4320 838 4385 accedere
881 4323 1147 4385 Pierotti
1193 4324 1419 4404 (Carta
1462 4327 1680 4386 biblica
1722 4346 1751 4385 6
1793 4333 1940 4387 stor.
1984 4328 2045 4387 d.
2088 4326 2435 4410 Palestina)
2474 4334 2539 4388 et
2581 4327 2722 4388 Dux
2756 4326 2834 4387 de
2864 4325 3119 4405 Luynes
3166 4326 3442 4406 (Voyaqe

556 4422 595 4479 ὰ
635 4422 700 4480 la
741 4423 879 4481 Mer
918 4423 1140 4501 Morte)
1182 4422 1249 4484 in
1288 4430 1497 4485 monte
1540 4425 1754 4485 Diebcl
1793 4426 1989 4486 Neba.

702 4516 937 4580 ’1)61113.
980 4520 1267 4608 XXXII,
1311 4521 1409 4580 49.
1453 4521 1758 4599 Vulgata:
1807 4543 1839 4578 ε
1871 4521 2161 4585 Ascende
2215 4522 2280 4582 iu
2335 4529 2608 4584 montem
2651 4522 2843 4583 istum
2886 4521 3166 4599 Abarim,
3208 4520 3444 4608 id0est,

559 4618 904 4697 transitum,
947 4618 1013 4679 in
1052 4625 1322 4680 montem
1362 4619 1557 4698 Nebo,
1600 4621 1703 4697 qui
1745 4627 1844 4682 est
1883 4621 1950 4681 in
1990 4629 2158 4682 terra
2185 4621 2371 4682 Moab
2401 4627 2617 4682 contra
2643 4621 2916 4681 Iericho:
2951 4626 3015 4680 et
3043 4619 3187 4681 vide
3217 4626 3447 4680 terram
3481 4631 3489 4636 '

561 4712 869 4792 chanaan,
912 4734 1092 4792 quam
1133 4735 1249 4794 ego
1290 4715 1528 4778 tradam
1569 4715 1717 4778 filiis
1743 4716 1945 4778 Israel
1975 4717 2391 4796 obtinendam,
2423 4725 2488 4779 et
2513 4737 2750 4779 morere
2778 4718 2844 4777 in
2870 4724 3078 4778 monte
3102 4740 3158 4779 ».
3189 4715 3274 4797 (v.
3306 4717 3448 4796 50):

556 4811 587 4868 ι’
616 4810 815 4885 Quem
852 4813 1274 4876 conscendens
1317 4820 1434 4876 etc.
1467 4839 1522 4877 ».
3005 4881 3012 4886 ,

714 4909 739 4945 ³
768 4910 904 4972 Jos.
932 4930 984 4972 6.
1014 4912 1126 4989 IV,
1160 4914 1255 4973 12.
1283 4913 1432 4973 Filii
1472 4913 1717 4992 Ruben,
1760 4920 1827 4975 et
1867 4914 2005 4976 Gad
2047 4923 2112 4976 et
2150 4914 2410 4976 dimidia
2450 4915 2649 4976 tribus
2691 4914 2983 4975 Manasse
3026 4913 3246 4976 armati
3275 4934 3448 4992 prae-

555 5007 856 5071 cedebant
893 5009 1055 5070 11Ιί66
1097 5009 1339 5071 Israel:
1380 5031 1505 5072 non
1545 5011 1793 5088 quidem
1832 5012 1928 5073 illi
1968 5011 2248 5074 fecerant
2289 5034 2481 5090 aram,
2525 5012 2637 5074 sed
2682 5012 2913 5091 singuli
2941 5011 3019 5072 de
3051 5012 3313 5089 singulis
3343 5013 3451 5072 tri-

558 5107 753 5167 bubus
797 5105 873 5186 (6.
900 5105 994 5167 IV
1024 5126 1082 5167 v.
1110 5108 1168 5183 4,
1199 5108 1261 5185 8)
1307 5115 1704 5187 sumpserunt
1744 5108 1822 5169 de
1863 5109 2066 5169 medio
2104 5108 2399 5169 «Iordanis
2431 5109 2607 5170 alveo
2639 5108 2960 5170 duodecim
2983 5108 3243 5188 lapides,
3291 5129 3446 5185 quos

558 5204 603 5265 J
606 5223 754 5265 66116
791 5204 1002 5282 posuit
1028 5205 1093 5264 in
1121 5203 1403 5282 Galgala.
1428 5205 1550 5278 Qui
1575 5205 1849 5285 lapidum
1877 5226 2134 5268 acervus
2177 5207 2622 5268 ostendebatur
2661 5214 2937 5287 tempore
2979 5227 3031 5270 6.
3074 5189 3449 5287 Hieronymi

559 5301 1012 5382 (Peregrinatio
1057 5323 1106 5365 6.
1148 5304 1384 5364 Ρ611166
1426 5305 1466 5383 ξ
1508 5305 1609 5384 14)
1655 5310 1721 5364 et
1760 5305 2096 5368 Theodosii
2141 5306 2331 5387 (circa
2371 5327 2425 5367 a.
2469 5307 2606 5384 530,
2649 5307 2688 5386 ἓ
2733 5309 2841 5370 16:
2890 5307 3003 5367 «A
3043 5306 3320 5367 «Iordane
3365 5306 3447 5366 ad

558 5399 824 5478 Galgala
863 5400 1088 5463 stadiis
1131 5402 1577 5480 quinquaginta
1599 5403 1680 5483 »).

718 5499 745 5532 ⁴
770 5498 987 5560 Livias
1028 5499 1200 5560 iuxta
1241 5499 1595 5578 Iordanem,
1640 5506 1821 5560 antea
1861 5498 2028 5562 dicta
2068 5504 2591 5581 Βειαταηψήιήα,
2635 5504 2713 5564 611
2752 5502 3003 5565 Herode
3044 5504 3109 5563 in
3148 5503 3443 5565 honorem
3511 5579 3514 5584 Ι

560 5595 831 5674 Augusti
872 5595 1087 5660 Livias
1129 5598 1557 5675 cognominata
1598 5598 1673 5678 (6.
1716 5597 1891 5661 Hier.
1932 5599 1998 5659 in
2039 5601 2184 5662 Eus.
2228 5599 2307 5661 ad
2349 5620 2410 5661 v.
2454 5602 2849 5682 Bethar-am:
2893 5601 2958 5663 in
3005 5601 3263 5681 planitie
3305 5610 3441 5663 erat
