4642 6650
1507 776 1596 821 m>
1642 771 1815 820 Loca
1860 770 2113 818 smera
2158 769 2267 815 Aa.
2316 776 2514 819 ass-ass
3356 751 3447 818 89

576 996 894 1091 singulis
948 996 1215 1069 diebus
1272 993 1527 1068 omnia
1580 993 1886 1089 quidem
1939 991 2045 1067 sic
2099 995 2459 1086 aguntur,
2516 993 2715 1066 sicut
2768 993 2850 1066 et
2886 991 3155 1066 ceteris
3210 990 3445 1085 septi-

577 1120 843 1210 manis,
884 1141 1079 1215 quae
1114 1120 1611 1193 transierunt.
1668 1116 2229 1191 Tantummodo
2286 1116 2489 1210 quod
2544 1116 2876 1210 vigiliae,
2924 1137 3120 1210 quae
3156 1115 3237 1188 in
3293 1116 3445 1189 illis

578 1244 1020 1340 septimanis
1075 1244 1156 1316 in
1211 1242 1578 1317 Anastase
1630 1241 1882 1316 factae
1937 1243 2143 1329 sunt,
2201 1242 2527 1336 septima
2571 1242 2836 1313 autem
2874 1240 3325 1333 septimana,
3367 1238 3445 1311 id

577 1370 693 1441 est
747 1370 961 1440 sexta
1015 1365 1233 1455 feria,
1291 1367 1370 1438 in
1428 1364 1635 1460 Syon
1682 1364 1692 1455 Ι
1743 1363 1942 1436 fiunt
1998 1363 2303 1458 vigiliae
2360 1363 2580 1435 iuxta
2623 1362 3250 1437 consuetudinem
3286 1383 3441 1450 eae,
3504 1365 3577 1422 63

580 1512 775 1584 quae
830 1490 911 1563 in
966 1489 1334 1563 Anastase
1388 1489 1639 1562 factae
1675 1491 1860 1561 sunt
1894 1509 2032 1582 per
2068 1509 2199 1561 sex
2237 1486 2722 1581 septimanas.
2765 1486 3145 1560 Dicuntur
3181 1489 3443 1561 autem

578 1614 768 1687 totis
820 1614 1139 1708 singulis
1193 1614 1358 1708 apti
1411 1614 1682 1709 psalmi
1736 1633 2051 1706 semper,
2107 1611 2230 1685 vel
2285 1611 2771 1706 antiphonae,
2810 1614 2974 1684 tam
3009 1610 3174 1685 loco
3215 1633 3445 1705 quam

581 1736 755 1810 diei.
812 1736 919 1810 At
973 1737 1107 1809 ubi
1160 1741 1424 1811 autem
1478 1736 1765 1831 ceperit
1819 1757 1900 1809 se
1955 1756 2180 1809 mane
2234 1735 2505 1825 facere,
2561 1735 2881 1808 sabbato
2936 1735 3445 1824 illucescente,

581 1862 847 1937 offeret
902 1862 1314 1957 episcopuS,
1372 1864 1453 1935 et
1506 1860 1695 1935 facit
1749 1860 2242 1946 oblationem,
2299 1881 2525 1934 mane
2577 1859 2921 1948 sabbato,
2973 1859 3128 1933 iam
3165 1861 3257 1933 ut
3309 1858 3450 1934 fiat

580 1987 834 2059 missa.
891 1986 1140 2058 Mittit
1193 2007 1457 2059 vocem
1512 1984 2107 2075 archidiaconUS‚
2184 1987 2265 2058 et
2339 1984 2564 2059 dicit:
2637 2006 2894 2059 omnes
2968 1984 3193 2059 hodie
3257 1985 3449 2059 hora

579 2108 903 2203 septima
976 2109 1055 2180 in
1126 2108 1441 2184 Lazario
1513 2110 1765 2204 parati
1836 2108 2095 2182 simus.
2167 2108 2276 2182 Ac
2340 2109 2446 2182 sic
2518 2130 2697 2203 ergo
2767 2131 2939 2183 cum
3012 2107 3296 2204 ceperit
3368 2128 3450 2183 se

579 2231 768 2304 hora
801 2232 1128 2326 septima
1155 2232 1429 2321 facere,
1466 2254 1724 2305 omnes
1762 2231 1863 2305 ad
1898 2231 2298 2304 Lazarium
2339 2231 2688 2307 veniunt.
2720 2230 3124 2304 Lazarium
3161 2234 3446 2322 autem,

582 2355 659 2427 id
696 2357 814 2429 est
850 2355 1253 2445 Bethania,
1296 2360 1414 2429 est
1450 2356 1778 2430 forsitan
1816 2355 2143 2430 secundo
2183 2355 2511 2429 miliario
2551 2379 2598 2427 a
2635 2356 2949 2430 civitate
2979 2347 3028 2430 ¹.
3068 2355 3449 2430 Euntibus

583 2481 847 2554 autem
902 2479 995 2552 de
1055 2481 1500 2555 Ierosolima
1553 2480 1633 2554 in
1687 2480 2113 2568 Lazarium,
2171 2478 2495 2553 forsitan
2533 2479 2630 2552 ad
2669 2481 3123 2575 quingentos
3160 2501 3449 2574 passuS,

584 2600 677 2674 de
729 2600 994 2676 eodem
1049 2603 1213 2677 loco
1271 2603 1584 2678 ecclesia
1639 2606 1758 2677 est
1814 2604 1893 2676 in
1948 2606 2196 2677 strata
2249 2604 2332 2677 in
2386 2624 2476 2677 eo
2531 2604 2724 2693 loco,
2780 2604 2861 2676 in
2916 2626 3068 2700 quo
3123 2604 3456 2678 occurrit

583 2722 908 2799 Domino
965 2725 1209 2799 Maria
1262 2749 1476 2801 soror
1530 2726 1802 2800 Lazari
1818 2717 1869 2800 ².
1909 2726 2027 2800 Ibi
2065 2748 2243 2821 ergo
2299 2748 2473 2800 cum
2527 2728 2827 2800 venerit
2880 2727 3294 2824 episcopuS,
3335 2748 3457 2801 oc-

583 2853 898 2922 current
934 2849 1043 2922 ibi
1078 2870 1345 2925 omnes
1382 2850 1758 2941 monachi,
1798 2855 1880 2925 et
1914 2851 2237 2947 populus
2277 2851 2384 2924 ibi
2430 2851 2898 2945 ingreditur:
2939 2851 3220 2926 dicitur
3257 2873 3455 2924 unus

579 2991 885 3065 ymnuS,
942 2980 1023 3047 et
1080 2998 1234 3047 una
1290 2975 1732 3070 antiphona,
1791 2978 1872 3048 et
1923 2975 2210 3070 legitur
2262 2976 2423 3071 ipse
2476 2976 2684 3051 locus
2723 2975 2817 3049 de
2864 2976 3284 3071 evangelio,
3322 2975 3455 3048 ubi

581 3096 912 3168 occurrit
967 3119 1183 3170 soror
1236 3098 1506 3171 Lazari
1561 3098 1914 3172 Domine.
1973 3099 2073 3172 Et
2126 3099 2232 3174 sic
2269 3100 2475 3173 facta
2513 3099 2884 3190 oratione,
2923 3102 3006 3174 et
3038 3099 3457 3175 benedictis

582 3219 955 3309 omnibus,
1013 3219 1191 3293 inde
1247 3222 1401 3293 iam
1460 3243 1697 3317 usque
1752 3221 1850 3294 ad
1909 3221 2308 3294 Lazarium
2363 3243 2534 3296 cum
2591 3223 2841 3317 ymnis
2897 3213 3099 3295 itur.¹
3151 3221 3240 3295 In
3311 3221 3454 3296 La·

584 3346 786 3418 zario
841 3349 1109 3419 autem
1164 3367 1332 3420 cum
1396 3350 1714 3421 ventum
1771 3348 2030 3437 fuerit,
2089 3348 2204 3421 ita
2258 3369 2338 3420 se
2398 3348 2642 3421 omnis
2679 3347 3098 3422 multitudo
3136 3347 3454 3442 colligit,

582 3472 674 3540 ut
726 3491 880 3542 non
933 3469 1185 3543 solum
1240 3471 1397 3567 ipse
1451 3470 1686 3563 locuS,
1744 3471 1875 3546 sed
1930 3474 2012 3545 et
2066 3472 2313 3566 campi
2370 3493 2628 3545 omnes
2682 3472 2764 3545 in
2818 3472 2981 3565 giro
3038 3470 3243 3567 pleni
3299 3471 3457 3544 sint

581 3591 1037 3666 hominibus.
1094 3593 1476 3667 Dicuntur
1528 3595 1767 3689 ymni,
1820 3595 2055 3667 etiam
2096 3597 2175 3669 et
2211 3595 2705 3689 antiphonae,
2750 3594 2912 3689 apti
2950 3594 3101 3669 diei
3138 3596 3220 3669 et
3255 3595 3454 3669 loco:

580 3714 930 3790 similiter
984 3719 1068 3790 et
1104 3716 1469 3791 lectiones
1508 3721 1736 3812 aptae
1772 3718 1923 3791 diei
1964 3740 2488 3813 quaecumque
2544 3718 2928 3812 leguntur.
2970 3715 3133 3791 Iam
3172 3720 3464 3822 autem,
3506 3736 3509 3741 ·

580 3842 673 3912 ut
726 3840 866 3914 fiat
919 3841 1173 3929 missa,
1232 3840 1736 3915 denuntiatur
1791 3843 2109 3937 pascha:
2165 3842 2247 3916 id
2300 3845 2442 3933 est,
2500 3842 2709 3916 subit
2773 3842 3146 3938 presbiter
3200 3844 3282 3915 in
3343 3844 3461 3917 al-

580 3963 763 4036 tiori
815 3965 1003 4055 loco,
1071 3968 1153 4039 et
1206 3965 1409 4062 leget
1464 3965 1681 4039 illum
1739 3966 2015 4052 locum,
2073 3967 2207 4061 qui
2270 3967 2595 4061 scriptus
2669 3968 2788 4040 est
2862 3968 2943 4039 in
3016 3967 3464 4061 evangelio:

593 4089 624 4120 “
668 4085 854 4159 Cum
912 4089 1247 4163 venisset
1300 4088 1514 4164 Iesus
1570 4090 1651 4162 in
1706 4089 2083 4164 Bethania
2137 4094 2320 4162 ante
2378 4111 2507 4164 sex
2567 4088 2724 4164 dies
2779 4089 3102 4186 paschae
3123 4146 3141 4180 ,
3210 4094 3294 4164 et
3347 4111 3464 4165 ce·

748 4380 768 4417 ¹
799 4381 1098 4462 Superius
1139 4382 1301 4444 dixit
1356 4383 1727 4445 Bethaniam
1787 4384 1866 4446 ab
1931 4383 2391 4463 Hierosolymis
2453 4383 2697 4446 distare
2755 4382 2928 4446 mille
2983 4394 3049 4447 et
3088 4385 3461 4463 quingentos

583 4499 826 4560 passus,
869 4480 971 4542 hic
1014 4488 1223 4542 autem
1260 4481 1379 4542 duo
1419 4481 1709 4542 milliaria
1736 4481 1876 4561 (Ev.
1906 4482 2117 4543 Ioann.
2147 4482 2266 4558 XI,
2298 4482 2394 4559 18,
2437 4481 2662 4543 stadiis
2704 4480 3095 4563 quindecim),
3124 4482 3293 4545 idem
3319 4502 3464 4560 quo-

585 4599 704 4657 que
765 4600 803 4640 a
862 4577 1213 4641 Theodosio
1274 4580 1410 4662 (De
1451 4586 1622 4641 terra
1662 4586 1895 4654 sancta,
1937 4582 1978 4660 ξ
2021 4580 2137 4661 14)
2202 4579 2536 4641 asseritur:
2602 4580 2757 4642 «De
2815 4580 3213 4643 Hierusalem
3269 4600 3466 4659 usque

587 4675 958 4737 Bethaniam
1000 4682 1149 4736 sunt
1189 4674 1386 4736 millia
1426 4676 1567 4753 duo,
1607 4676 1715 4736 ubi
1755 4676 2156 4738 resuscitavit
2193 4676 2500 4738 Dominus
2539 4684 2756 4739 noster
2793 4677 2974 4739 Iesus
3023 4677 3312 4740 Christus
3350 4677 3465 4739 La-

582 4793 808 4848 zarum,
854 4781 918 4833 et
957 4772 1025 4832 in
1063 4773 1547 4834 resuscitatione
1587 4772 1784 4834 sancti
1815 4772 2037 4834 Lazari
2077 4771 2303 4850 inipso
2331 4772 2465 4833 loco
2495 4781 2640 4835 ante
2682 4773 2973 4852 pascham
3012 4774 3115 4835 die
3158 4774 3462 4838 dominico

584 4870 784 4931 omnis
826 4870 1096 4948 populus
1136 4877 1570 4949 congregatur,
1613 4878 1678 4932 et
1717 4872 1947 4932 missae
1990 4871 2399 4932 celebrantur.
2423 4894 2454 4929 »
2522 4871 2702 4945 Quod
2743 4880 2953 4934 autem
2995 4871 3151 4933 dicit
3190 4872 3467 4935 Theodo-

585 4966 734 5045 sius,
776 4987 898 5027 non
944 4973 1041 5028 est
1078 4967 1333 5028 veritati
1375 4968 1785 5047 consentiens,
1829 4988 2015 5046 quum
2054 4988 2179 5028 non
2220 4966 2324 5029 die
2364 4967 2671 5031 dominico
2713 4970 2827 5031 sed
2869 4970 3126 5032 sabbato
3170 4979 3316 5033 ante
3356 4971 3460 5033 do-

582 5064 868 5131 minicam
905 5065 1246 5143 palmarum
1287 5065 1401 5127 has
1441 5066 1862 5128 caeremonias
1902 5066 1968 5127 in
2008 5066 2264 5149 Lazario
2308 5072 2478 5127 actas
2521 5087 2664 5130 esse
2706 5074 2972 5146 constet,
3006 5088 3263 5148 eumque
3293 5068 3463 5133 diem

583 5152 909 5223 sabbatum
949 5161 1172 5222 Lazari
1214 5182 1252 5224 a
1292 5163 1550 5224 Graecis
1593 5164 1780 5225 etiam
1820 5183 1980 5224 nunc
2020 5163 2246 5225 vocari.

742 5257 768 5293 ²
794 5258 974 5319 Hanc
1016 5258 1339 5321 ecclesiam
1380 5259 1448 5321 in
1486 5261 1640 5337 1000,
1683 5261 1789 5320 ubi
1829 5260 2078 5322 Martha
2117 5261 2363 5322 obviam
2421 5260 2541 5322 ivit
2580 5262 2845 5324 Domino
2887 5263 3122 5344 (Ioann.
3165 5265 3284 5341 XI,
3326 5266 3460 5345 20),

584 5355 663 5415 ab
704 5354 825 5416 alio
868 5356 1173 5434 scriptore
1212 5366 1612 5418 memoratam
1656 5378 1795 5420 esse
1833 5379 1957 5419 non
1995 5358 2270 5438 reperio;
2316 5359 2734 5420 tantummodo
2774 5360 3192 5441 Hieronymus
3217 5363 3453 5425 indicat

582 5452 921 5532 hospitium
959 5454 1281 5517 Marthae:
1331 5478 1362 5513 α
1386 5456 1543 5517 Post
1580 5455 1867 5534 ingressa
1896 5456 2141 5537 (Paula)
2172 5456 2524 5535 sepulcrum
2565 5458 2802 5537 Lazari,
2829 5459 3067 5522 Mariae
3111 5466 3175 5522 et
3214 5461 3465 5525 Martae

539 5598 564 5617 ,
583 5550 748 5613 vidit
772 5550 1126 5631 hospitium.
1152 5576 1183 5611 »

3138 5691 3207 5746 12
