4642 6650
1485 763 1574 808 An
1621 763 1793 810 noca
1838 761 2094 809 saxon
2138 762 2249 807 an.
2295 765 2497 810 ass-sas
3335 741 3416 811 '79

551 985 650 1058 ad
705 1007 1020 1068 manum
1067 982 1400 1078 ⁴episcopi
1438 982 1824 1058 acceditur
1859 983 2058 1057 sicut
2095 981 2194 1054 ad
2229 980 2710 1056 Anastasim:
2750 982 2865 1055 ita
2901 985 2982 1057 et
3018 984 3199 1057 ante
3239 981 3426 1057 Cru-

554 1130 751 1185 cem:
791 1109 907 1182 ita
944 1109 1025 1182 et
1078 1109 1253 1203 post
1302 1106 1644 1182 Crucem.
1685 1105 2059 1182 Candelae
2096 1109 2363 1182 autem
2396 1105 2691 1182 vitreae
2744 1105 3092 1202 ingentes
3148 1107 3431 1202 ubique

554 1234 927 1331 plurimae
963 1232 1319 1328 pendent,
1361 1234 1443 1306 et
1478 1230 1853 1306 cereofala
1881 1223 1901 1265 ¹
1932 1231 2265 1326 plurima
2299 1235 2506 1321 sunt,
2537 1235 2701 1305 tam
2740 1234 2921 1306 ante
2959 1231 3434 1324 Anastasim,

558 1381 787 1454 quam
845 1358 1081 1433 etiam
1127 1359 1311 1432 ante
1345 1355 1687 1447 Crucem,
1725 1356 1857 1430 sed
1895 1358 1975 1431 et
2009 1360 2185 1452 post
2220 1356 2576 1431 Crucem:
2618 1355 2992 1430 finiuntur
3030 1378 3210 1454 ergo
3245 1358 3437 1433 haec

558 1484 816 1558 omnia
842 1504 1018 1558 cum
1045 1482 1384 1558 tenebris
1401 1472 1450 1555 ².
1488 1480 1697 1557 Haec
1733 1483 2076 1578 operatio
2114 1481 2393 1557 cotidie
2431 1504 2566 1577 per
2602 1482 2762 1556 dies
2798 1504 2929 1558 sex
2956 1482 3072 1556 ita
3108 1483 3440 1558 habetur

556 1609 658 1685 ad
712 1608 1026 1683 Crucem
1080 1610 1165 1682 et
1217 1607 1313 1682 ad
1369 1607 1832 1682 Anastasim.
1893 1605 2234 1703 Septima
2287 1610 2548 1683 autem
2604 1608 2750 1697 die,
2806 1608 3004 1683 idest
3058 1608 3439 1684 dominica

559 1732 707 1824 die,
745 1734 926 1806 ante
973 1730 1358 1828 pullorum
1399 1734 1712 1807 cantum
1750 1731 2060 1827 colliget
2112 1754 2193 1807 se
2230 1731 2477 1808 omnis
2532 1730 2976 1822 multitud0,
3034 1753 3440 1828 quaecum-

563 1881 709 1956 que
765 1880 926 1933 esse
978 1860 1238 1955 potest
1279 1857 1361 1931 in
1416 1878 1506 1931 eo
1542 1858 1753 1933 loco:
1794 1879 1882 1932 ac
1918 1858 1983 1930 si
2017 1878 2153 1952 per
2206 1858 2487 1953 pascha
2541 1857 2621 1930 in
2673 1857 3010 1948 basilica,
3069 1877 3267 1952 quae
3320 1859 3441 1932 est

562 1986 728 2060 loco
782 1984 1003 2058 iuxta
1041 1982 1504 2073 Anastasim,
1560 1983 1766 2057 foras
1802 1984 2065 2057 tamen
2089 1973 2140 2074 ³,
2178 1982 2313 2055 ubi
2368 1982 2780 2056 luminaria
2831 2003 2967 2078 per
3020 1981 3163 2057 hoc
3215 1980 3441 2078 ipsud

562 2105 920 2206 pendent.
978 2108 1182 2181 Dum
1217 2107 1422 2183 enim
1460 2110 1849 2198 verentur,
1887 2129 1985 2183 ne
2023 2108 2121 2181 ad
2175 2107 2564 2203 pullorum
2619 2109 2932 2182 cantum
2972 2128 3126 2181 non
3182 2127 3441 2182 occur·

564 2236 765 2325 rant,
837 2237 1276 2308 anwcessus
1303 2227 1330 2269 ⁴
1383 2232 1730 2323 veniunt,
1786 2236 1868 2309 et
1921 2233 2031 2307 ibi
2083 2233 2378 2308 sedent.
2432 2232 2534 2306 Et
2589 2233 2948 2308 dicuntur
3009 2232 3248 2329 ymni,
3304 2253 3446 2308 nec

567 2383 721 2435 non
775 2362 858 2435 et
921 2354 1423 2455 antiphonam
1489 2360 1571 2433 et
1633 2358 1834 2432 fiunt
1900 2358 2284 2433 orationes
2349 2360 2523 2432 cata
2578 2356 2914 2453 singulos
2980 2380 3251 2454 ymnos
3321 2358 3446 2432 vel

568 2484 1049 2579 antiphonas,
1107 2465 1309 2586 N'am
1364 2486 1447 2556 et
1499 2483 1899 2578 presbiteri
1937 2484 2021 2556 et
2066 2482 2418 2557 diacones
2474 2504 2768 2576 semper
2819 2482 3074 2577 parati
3127 2484 3312 2556 sunt
3365 2481 3446 2554 in

569 2629 661 2682 eo
717 2607 882 2682 loco
947 2606 1047 2681 ad
1099 2607 1400 2702 vigilias
1456 2610 1768 2702 propter
1821 2606 2423 2697 multitudinem,
2480 2628 2676 2701 quae
2731 2627 2811 2681 se
2864 2607 3193 2702 colliget.
3251 2605 3446 2680 Con·

571 2731 898 2806 suetudo
953 2732 1158 2806 enim
1211 2732 1392 2804 talis
1447 2734 1589 2821 est,
1647 2734 1738 2805 ut
1776 2733 1960 2806 ante
1992 2731 2380 2827 pullorum
2417 2733 2732 2804 cantum
2768 2731 2935 2805 loca
2971 2734 3238 2805 sancta
3291 2752 3447 2804 non

574 2856 1043 2953 aperiantur.
1100 2856 1276 2932 Mox
1316 2860 1577 2932 autem
1615 2856 1903 2954 primus
1940 2856 2196 2951 pullus
2231 2855 2687 2948 cantaverit,
2728 2857 2997 2929 statim
3043 2854 3449 2931 descendet

574 3120 786 3193 gento.
824 3112 926 3176 Ibi
968 3120 1066 3176 est
1107 3112 1352 3192 exedra,
1393 3113 1502 3174 ubi
1542 3111 1665 3174 fuit
1704 3112 2146 3191 resuscitatus,
2162 3132 2277 3192 per
2300 3132 2482 3191 quem
2508 3111 2634 3174 fuit
2662 3132 2813 3173 crux
2841 3112 3078 3175 Christi
3106 3114 3452 3177 declarata:

576 3212 940 3290 cubiculum,
981 3211 1091 3272 ubi
1128 3211 1335 3292 posita
1375 3218 1476 3273 est
1515 3231 1663 3272 crux
1700 3211 1949 3272 Domini
1988 3212 2139 3272 Iesu
2182 3210 2438 3273 Christi.
2482 3210 2566 3272 Et
2614 3210 2755 3291 ipsa
2806 3230 2956 3272 crux
3006 3219 3107 3275 est
3158 3212 3240 3276 de
3295 3231 3449 3275 auro

581 3315 646 3370 et
685 3308 948 3388 gemmis
991 3315 1223 3387 ornata,
1267 3317 1333 3371 et
1373 3309 1571 3372 celum
1613 3310 1880 3388 desuper
1920 3329 2188 3389 aureum,
2232 3316 2299 3370 et
2339 3307 2419 3370 de
2458 3306 2611 3371 foris
2652 3308 2843 3372 habet
2881 3309 3218 3372 cancellum
3240 3334 3295 3372 ι.
3324 3310 3458 3371 An·

578 3408 828 3469 toninus
867 3415 1107 3487 martyr
1147 3428 1278 3487 cap.
1322 3410 1432 3468 20:
1479 3431 1511 3466 α
1533 3409 1612 3470 In
1648 3408 1907 3470 basilica
1936 3408 2351 3485 Constantini,
2381 3405 2711 3469 coherente
2741 3407 2970 3469 circum
2998 3415 3457 3469 monumentum

579 3506 684 3568 vel
724 3504 1054 3584 Golgotha,
1094 3505 1161 3566 in
1202 3506 1360 3567 atrio
1400 3506 1599 3586 ipsius
1638 3506 1929 3568 basilicae
1973 3513 2071 3568 est
2109 3504 2489 3582 cubiculum,
2529 3506 2637 3567 ubi
2677 3506 2913 3585 lignum
2954 3514 3204 3569 sanctae
3257 3506 3459 3569 crucis

581 3604 854 3685 positum
895 3611 994 3666 est
1017 3628 1072 3664 ».

745 3703 766 3738 ¹
809 3701 1118 3765 Candelae
1159 3703 1419 3781 vitreae,
1463 3703 1702 3766 scilicet
1742 3703 1907 3765 cerei
1946 3723 2085 3765 cum
2126 3701 2327 3765 fulcro
2377 3701 2613 3764 vitreo:
2664 3701 2971 3765 cereofala
3019 3710 3227 3767 autem
3281 3709 3459 3766 erant

585 3800 952 3863 candelabra
994 3804 1077 3881 (v.
1117 3801 1434 3880 Ducange,
1477 3801 1683 3864 Gloss.
1727 3801 1807 3863 ad
1848 3802 1955 3882 v.).

743 3896 768 3933 ²
812 3898 964 3959 cod.
1008 3920 1146 3960 cum
1188 3902 1442 3959 crebris.

743 3995 768 4031 ⁸
809 3996 1241 4076 Splendidiore
1283 3996 1456 4057 cultu
1494 3996 1815 4059 basilicam
1858 3995 2154 4059 excitavit
2195 3995 2561 4074 ornavitque
2599 3995 3043 4059 Constantinus
3072 3996 3152 4059 ad
3178 3997 3343 4059 latus
3372 4016 3462 4060 ec-

586 4093 812 4156 clesiae
852 4094 1386 4157 Resurrectionis:
1427 4093 1597 4156 illius
1637 4094 2155 4172 magnificentiam
2195 4094 2508 4156 Eusebius
2559 4092 2737 4175 (Vita
2788 4094 3144 4157 Contentini
3196 4116 3332 4176 cap.
3383 4097 3463 4157 35

588 4199 656 4255 et
693 4194 888 4272 seqq.)
933 4194 1338 4256 describendo
1380 4193 1559 4255 nobis
1598 4194 1941 4273 proposuit,
1988 4213 2065 4254 ex
2103 4213 2222 4270 quo
2275 4212 2475 4271 pauca
2526 4192 2761 4255 referre
2813 4194 3088 4257 iuvabit:
3147 4216 3181 4253 ‹
3220 4194 3465 4274 Quippe

587 4289 772 4352 lateri
812 4291 925 4369 illi,
967 4291 1129 4369 quod
1173 4311 1208 4353 e
1249 4291 1499 4370 regione
1527 4291 1859 4371 speluncae
1885 4290 2160 4370 positum
2188 4289 2342 4353 solis
2372 4296 2575 4351 ortum
2601 4291 2943 4370 spectabat,
2981 4290 3307 4354 coniuncta
3334 4299 3469 4353 erat

588 4387 879 4449 basilica:
922 4407 1078 4465 opus
1118 4387 1304 4466 plane
1346 4380 1710 4449 admirabile
1749 4387 1815 4449 in
1854 4388 2220 4448 immensam
2259 4386 2654 4448 altitudinem
2695 4386 2945 4464 elatum,
2976 4394 3041 4449 et
3079 4386 3470 4466 longitudine

594 4493 659 4548 et
694 4485 1024 4547 latitudine
1064 4488 1331 4547 maxima
1371 4505 1724 4564 expansum.
1768 4485 1960 4547 Cuius
2001 4484 2297 4546 interiora
2337 4484 2587 4571 quidem
2627 4485 3106 4548 versiculoribus
3144 4487 3467 4548 marmoris

593 4584 822 4646 crustis
864 4584 1106 4645 obiecta
1146 4592 1319 4646 sunt:
1363 4585 1633 4646 exterior
1674 4604 1821 4647 vero
1862 4583 2169 4662 parietum
2220 4582 2596 4662 superficies,
2652 4584 2865 4663 politis
2913 4584 3228 4663 lapidibus
3276 4587 3468 4665 probe

595 4679 760 4741 inter
797 4700 867 4742 se
907 4679 1137 4742 vinctis
1178 4681 1484 4758 decorata,
1528 4681 1814 4742 eximiam
1854 4680 2157 4759 quandam
2197 4679 2722 4760 pulchritudinem
2747 4679 2905 4741 nihil
2931 4679 3290 4744 inferiorem
3316 4702 3472 4743 mar-

595 4779 785 4841 moris
825 4777 1046 4858 specie,
1074 4779 1468 4858 praeferebat
1492 4803 1546 4839 ».
1589 4781 1673 4840 Et
1713 4779 1997 4859 plurimis
2037 4779 2246 4840 verbis
2288 4779 2683 4858 prosequitur
2723 4785 2962 4841 ceteras
3003 4789 3215 4857 partes
3265 4780 3473 4859 expli-

597 4896 762 4955 cans,
805 4882 870 4938 et
908 4876 1190 4955 geminas
1231 4878 1526 4955 porticus,
1586 4877 2162 4955 hemispherumque
2217 4876 2542 4937 duodecim
2595 4876 2897 4938 columnis
2952 4875 3277 4938 suffultum
3331 4898 3470 4940 cum

596 4974 937 5037 crateribus
979 4976 1311 5053 argenteis.
1354 4976 1750 5037 Itinerarium
1776 4975 2230 5054 Burdigalense
2257 4974 2440 5053 paulo
2470 4982 2616 5036 ante
2645 4975 2985 5036 Eusebium
3010 4974 3471 5038 Caesariensem

594 5072 712 5133 hoc
750 5071 932 5133 modo
968 5073 1288 5134 basilicam
1328 5073 1748 5134 adumbravit:
1796 5096 1828 5131 α
1852 5075 1910 5134 Α
1952 5072 2208 5136 sinistra
2249 5079 2458 5134 autem
2496 5080 2675 5152 parte
2714 5079 2813 5134 est
2838 5073 3208 5137 monticulus
3250 5074 3480 5152 Golgo-

596 5170 722 5248 tha,
762 5170 871 5230 ubi
909 5170 1214 5233 Dominus
1255 5171 1579 5233 crucifixus
1621 5178 1737 5234 est.
1777 5171 1934 5233 Inde
1977 5171 2155 5250 quasi
2195 5171 2277 5233 ad
2325 5170 2558 5250 lapidis
2608 5173 2867 5234 missum
2921 5180 3021 5235 est
3074 5180 3311 5253 crypta,
3366 5172 3476 5234 ubi

599 5288 820 5349 corpus
859 5269 995 5331 eius
1033 5268 1307 5348 positum
1347 5268 1488 5348 fuit,
1532 5277 1596 5331 et
1636 5269 1822 5333 tertio
1862 5270 1966 5331 die
2009 5269 2298 5331 surrexit.
2340 5269 2583 5331 Ibidem
2623 5271 2806 5332 modo
2855 5269 3030 5332 iussu
3083 5270 3476 5333 Constantini

597 5366 988 5447 imperatoris
1026 5367 1289 5430 basilica
1326 5366 1495 5430 facta
1532 5375 1649 5445 est,
1690 5367 1759 5428 id
1801 5375 1899 5429 est
1937 5367 2308 5429 dominicum
2349 5369 2540 5430 mirae
2579 5368 3082 5448 pulchritudinis,
3116 5368 3356 5431 habeus
3398 5368 3478 5430 ad

600 5464 769 5527 latus
810 5465 1178 5545 exceptoria,
1218 5464 1385 5530 unde
1422 5487 1583 5545 aqua
1619 5466 1883 5545 levatur,
1926 5472 1992 5530 et
2032 5466 2319 5529 balneum
2361 5487 2400 5529 a
2436 5466 2634 5546 terg'o,
2675 5467 2780 5528 ubi
2810 5467 3083 5531 infantes
3109 5468 3417 5531 lavantur.
3442 5491 3475 5526 ›

764 5563 791 5597 ⁴
831 5562 935 5624 Sic
975 5563 1110 5626 cod.
1150 5564 1325 5643 lege:
1368 5564 1434 5625 in
1473 5562 1880 5627 antecessum.
1919 5630 1928 5639 ,
