4642 6650
1695 787 1786 831 nu
1832 785 2022 833 Locls
2070 786 2344 833 smo‘ms
2660 827 2667 836 .
3327 769 3455 836 125

883 879 1090 886 ---————-
1111 880 1222 886 ——ss-
1243 880 1266 884 —
1341 880 1364 884 --
1383 880 1514 886 —v„m.†-.
1591 879 1782 886 ——-
1951 880 2020 886 ...—
2047 881 2058 884 -

2978 879 3452 889 ὴ.-.-----------ὴ---.-

580 1008 844 1110 autem
898 1009 1172 1105 Ioseph
1226 1010 1637 1107 separatim
1697 1010 2002 1107 sepulta
2056 1011 2138 1085 in
2193 1033 2336 1085 sua
2374 1009 2687 1086 ecclesia
2724 1012 2908 1084 sunt
2937 1001 2987 1087 ¹.
3018 1001 3193 1087 Non
3232 1011 3458 1108 longe

578 1155 761 1209 vero
818 1134 942 1220 ab,
971 1134 1231 1210 Ebron
1284 1140 1404 1210 est
1456 1135 1943 1232 sepulchrum
1996 1134 2256 1211 Abner
2311 1135 2452 1210 filii
2505 1135 2664 1211 Ner
2692 1127 2743 1209 ².

740 1260 861 1351 (B.
901 1283 960 1335 c.
1007 1262 1112 1351 X)
1169 1260 1464 1335 Iericho
1522 1260 1619 1334 ab
1675 1260 2090 1335 Ierusalem
2145 1262 2226 1334 in
2295 1261 2670 1336 orientem
2722 1284 2988 1336 versus
3053 1262 3311 1337 decem
3366 1267 3455 1338 et

580 1392 753 1464 octo
806 1388 1023 1462 milia
1059 1387 1285 1484 pedes
1323 1389 1563 1476 abest,
1603 1411 1756 1485 qua
1791 1388 2027 1463 tertio
2065 1387 2584 1462 fundamentis
2623 1387 3039 1478 destructa,
3098 1389 3262 1462 sola
3318 1388 3453 1464 do·

578 1539 724 1590 nus
747 1515 1063 1589 Rabaab
1094 1515 1190 1589 ob
1221 1516 1525 1611 signum
1550 1515 1728 1590 fidei
1755 1516 2199 1610 permanet:
2232 1514 2396 1588 eius
2426 1514 2632 1587 enim
2661 1513 2909 1588 adhuc
2938 1515 3267 1608 parietes
3295 1516 3457 1589 sine

578 1640 906 1716 culmine
952 1639 1277 1713 durant:
1317 1641 1525 1715 locus
1561 1640 1773 1714 urbis
1810 1642 2101 1735 segetes
2139 1642 2219 1714 et
2256 1639 2521 1714 vineas
2556 1638 2851 1735 recipit.
2892 1639 3106 1714 Inter
3141 1640 3337 1715 hanc
3376 1645 3460 1715 et

580 1766 1005 1856 Iordanem,
1054 1767 1389 1863 quinque
1424 1767 1548 1843 vel
1587 1788 1716 1841 sex
1754 1767 1850 1840 ab
1890 1749 1981 1841 ea
2033 1766 2342 1839 milibus
2397 1768 2859 1863 separatum,
2916 1766 3235 1861 grandia
3293 1766 3456 1863 pal·

579 1894 787 1967 meta
836 1892 1206 1988 campulis
1243 1892 1721 1989 interpositis
1759 1896 1842 1965 et
1877 1890 2530 1965 inhabitatoribus
2567 1891 2998 1965 chananeis.
3038 1890 3457 1966 Duodecim

577 2016 888 2113 lapidee,
945 2040 1139 2113 quas
1191 2016 1415 2091 Iosue
1471 2017 1564 2091 de
1616 2016 1942 2091 Iordane
1977 2015 2153 2090 tolli
2198 2018 2709 2112 praeceperat,
2767 2016 2848 2088 in
2908 2016 3221 2090 ecclesia
3278 2013 3457 2089 Gal-

577 2141 769 2236 galis
824 2141 1031 2216 facta
1086 2142 1534 2217 altrinsecus
1587 2142 1806 2216 iuxta
1861 2140 2192 2237 parietes
2256 2140 2591 2236 eiusdem
2653 2142 2926 2231 iacent,
2984 2141 3113 2215 vix
3172 2141 3456 2237 singuli

580 2266 874 2341 duobus
928 2268 1115 2343 viris
1168 2267 1557 2343 levabiles,
1596 2267 1735 2342 Est
1770 2267 1991 2341 iuxta
2026 2267 2324 2342 Iericho
2362 2266 2532 2341 fons
2571 2266 2762 2340 uber
2799 2267 2896 2340 ad
2935 2272 3227 2363 potum,
3287 2268 3455 2364 pin-

579 2393 748 2489 guis
804 2393 902 2466 ad
955 2393 1385 2489 rigandum,
1445 2394 1577 2490 qui
1632 2393 2016 2488 quondam
2091 2393 2373 2468 sterilis
2429 2393 2526 2466 ad
2580 2393 3122 2488 generandum,
3180 2415 3455 2488 parum

580 2519 903 2593 salubris
959 2520 1059 2593 ad
1110 2519 1559 2615 potandum,
1616 2519 1749 2593 sed
1801 2541 1935 2615 per
1989 2518 2352 2616 Elyseum
2417 2519 2870 2615 prophetam
2935 2520 3252 2591 sanatus
3309 2521 3452 2592 est.

579 2646 927 2741 Denique
981 2667 1292 2742 campus
1345 2668 1521 2720 eum
1576 2646 2081 2735 circumiacet,
2127 2645 2618 2741 septuaginta
2672 2644 3095 2719 stadiorum
3155 2646 3234 2717 in
3288 2645 3452 2718 lon-

580 2772 950 2868 gitudine,
1005 2772 1285 2868 viginti
1339 2772 1419 2845 in
1475 2771 1887 2846 latitudine
1941 2774 2234 2866 patens,
2276 2771 2358 2844 in
2414 2793 2565 2866 quo
2620 2771 2990 2844 mirabilis
3047 2771 3452 2846 hortorum

578 2898 854 2994 gratia,
909 2898 1129 2974 varia
1183 2898 1611 2993 palmarum
1647 2919 1950 2992 genera,
1989 2897 2627 2993 praestantissimi
2665 2896 2922 2992 apium
2959 2896 3235 2986 foetus,
3292 2895 3455 2971 illic

581 3024 1159 3120 opobalsamum
1211 3024 1576 3120 gignitur.
1652 3022 1867 3109 Quod
1937 3022 2109 3097 ideo
2166 3045 2341 3097 cum
2414 3021 2840 3096 adiectione
2912 3021 3456 3118 significam11S‚

584 3150 768 3247 quia
819 3150 1201 3246 agricolae
1265 3148 1544 3224 cortice
1606 3152 1879 3224 tenues
1942 3150 2284 3246 virgulas
2341 3148 2587 3224 acutis
2649 3149 3031 3245 lapidibus
3084 3149 3458 3242 incidunt,

581 3297 673 3352 ea
727 3276 806 3350 in
861 3276 1138 3373 quibus
1192 3276 1537 3351 balsama
1589 3278 2082 3372 generantur,
2131 3278 2225 3351 ut
2259 3298 2396 3372 per
2430 3276 2604 3351 illas
2659 3298 3023 3352 cavernas
3076 3275 3458 3373 paulatim
3536 3267 3537 3270 '

582 3392 978 3478 destillans
1031 3403 1308 3477 humor
1342 3426 1424 3479 se
1478 3404 1791 3499 colligat
1825 3404 2184 3500 lacrymis
2238 3404 2554 3500 pulcher
2606 3403 3071 3479 rorantibus.
3129 3403 3297 3479 Illic
3353 3405 3455 3478 ci-

580 3553 827 3625 prum,
883 3529 1041 3603 illic
1093 3529 1685 3604 miroballanum
1721 3532 2104 3604 nascitur:
2145 3553 2368 3626 aqua,
2409 3532 2500 3603 ut
2554 3531 2856 3605 caetera
2909 3529 3270 3620 fontium,
3329 3537 3458 3604 ae-

582 3655 788 3727 state
840 3652 1142 3749 frigida‚
1199 3653 1447 3728 hieme
1500 3656 1791 3749 tepens,
1849 3676 1983 3729 aer
2037 3655 2365 3745 mollior,
2423 3656 2515 3728 ut
2568 3677 2867 3728 summa
2930 3654 3179 3729 hieme
3233 3654 3455 3729 lineis

582 3782 909 3854 utantur
960 3780 1453 3854 indumentis.
1511 3779 1708 3854 Urbs
1763 3781 1929 3876 ipsa
1984 3780 2292 3855 condita
2329 3780 2410 3853 in
2448 3802 2738 3876 camp0,
2778 3772 2901 3854 cui
2936 3780 3457 3875 supereminet

581 3927 801 3979 mons
854 3904 1200 3979 diffusior
1254 3908 1337 3980 et
1372 3905 1621 3979 nudus
1658 3905 2182 4001 gignentium:
2224 3926 2541 4001 aegrum
2578 3905 2782 3979 enim
2821 3907 2903 3979 et
2938 3905 3282 3979 ieiunum
3337 3927 3460 3979 so·

459 4028 462 4031 “
581 4030 770 4122 lum,
826 4034 909 4105 et
942 4030 1112 4106 ideo
1152 4033 1269 4105 est
1306 4030 1693 4105 desertum
1729 4031 1826 4104 ab
1864 4030 2153 4104 incolis.
2192 4029 2338 4104 Hic
2374 4053 2422 4103 a
2459 4028 2939 4128 Scythopolis
2978 4030 3190 4106 urbis
3243 4033 3455 4104 terra

746 4256 763 4292 ¹
807 4258 910 4319 Ad
954 4257 1444 4336 explanationem
1469 4263 1670 4320 testes
1719 4256 2004 4336 antiquos
2053 4256 2360 4319 adducere
2407 4262 2706 4336 praestat.
2733 4254 2882 4318 Itin.
2912 4256 3106 4318 Burd.
3129 4258 3169 4318 l.
3195 4278 3277 4318 c.:
3312 4280 3345 4315 ι
3360 4257 3463 4318 Ibi

584 4356 886 4437 (Hebron)
929 4363 1028 4417 est
1067 4355 1360 4417 memoria
1405 4375 1520 4435 per
1572 4355 1873 4433 quadrum
1915 4375 1991 4416 ex
2042 4353 2358 4434 lapidibus
2416 4353 2610 4415 mirae
2665 4353 3165 4432 pulchritudinis,
3221 4354 3289 4415 in
3342 4374 3464 4433 qua

582 4454 773 4534 positi
812 4462 961 4516 sunt
1012 4455 1346 4531 Abraham,
1399 4455 1598 4530 Isaac,
1658 4454 1847 4515 Iacob
1872 4474 1939 4532 »ς
1981 4452 2302 4531 Peregrin.
2346 4451 2408 4513 S.
2462 4452 2733 4513 Paulae:
2796 4474 2829 4509 ι
2858 4450 3017 4513 Inde
3074 4472 3460 4531 consurgens

584 4554 866 4615 ascendit
889 4554 1168 4616 Hebron.
1197 4553 1373 4615 Haec
1399 4558 1498 4614 est
1529 4552 1949 4629 cariatharbe,
1978 4551 2044 4611 id
2074 4558 2174 4613 est
2201 4550 2497 4631 oppidum
2523 4551 2796 4612 virorum
2824 4557 3101 4627 quatuor,
3125 4551 3461 4630 Abraham,

583 4653 781 4732 Isaac,
831 4652 1039 4731 Iacob,
1082 4651 1161 4715 ed
1200 4650 1406 4713 Adam
1452 4650 1678 4729 magni;
1719 4668 1902 4728 quem
1941 4649 2030 4710 ibi
2072 4649 2408 4726 conditum,
2449 4648 2623 4709 iuxta
2647 4649 2876 4709 librum
2915 4648 2961 4709 J
2963 4668 3076 4710 esu
3103 4649 3299 4724 Nave,
3339 4649 3464 4710 He·

563 4753 756 4814 'braei
795 4757 1130 4827 autumant,
1171 4751 1323 4812 licet
1370 4750 1652 4831 plerique
1708 4749 1899 4811 Galeb
1956 4756 2239 4826 quartum
2294 4754 2536 4828 putant,
2591 4748 2763 4809 cuius
2804 4767 2882 4809 ex
2922 4747 3120 4809 latere
3168 4748 3466 4810 memoria

581 4857 962 4914 monstratur
988 4874 1044 4912 ›.
1087 4849 1509 4931 Hieronymus
1556 4849 1624 4910 in
1664 4850 1812 4911 Eus.
1864 4848 1944 4909 ad
1997 4868 2055 4913 v.
2099 4848 2365 4909 Arboc.:
2427 4870 2458 4905 ι
2482 4847 2866 4908 Mausoleum
2923 4847 3057 4907 eius
3113 4845 3490 4928 (Abraami)

583 4950 650 5012 in
689 4950 1180 5030 praesentiarum
1219 4950 1509 5012 cernitur.
1554 4947 1878 5028 Quumque
1919 4969 1956 5009 a
2000 4947 2235 5009 nostris
2288 4947 2415 5008 iam
2467 4946 2701 5008 ibidem
2756 4945 3083 5007 aedificata
3139 4951 3241 5007 est
3268 4968 3324 5005 ›.
3369 4946 3467 5006 Ex

584 5070 704 5128 quo
745 5049 1061 5128 colligitur
1100 5048 1257 5110 hanc
1288 5048 1613 5110 ecclesiam
1638 5055 1915 5126 tempore
1943 5046 2326 5124 Peregrinae
2348 5045 2623 5108 nondum
2650 5051 3002 5124 coopertam
3033 5051 3099 5105 et
3118 5044 3465 5106 absolutam

585 5148 799 5211 fuisse.
841 5148 1229 5211 Theodosius
1257 5147 1365 5230 (de
1392 5155 1437 5209 t.
1466 5168 1516 5210 s.
1548 5149 1604 5228 ἓ.
1627 5150 1709 5208 20
1734 5156 1799 5210 et
1826 5149 1960 5229 21):
1996 5170 2027 5205 ‹
2052 5147 2416 5227 Sepulcrum
2419 5190 2514 5208 .....
2520 5190 2537 5225 ,
2563 5143 2727 5223 quod
2754 5143 3196 5205 Abrahamium
3212 5143 3463 5221 dicunt,

585 5246 828 5311 distans
857 5267 907 5308 ·a
948 5245 1234 5307 Calvaria
1270 5266 1384 5325 per
1423 5245 1684 5324 triginta
1707 5244 2054 5307 milliaria...
2082 5244 2181 5306 De
2223 5241 2600 5304 Terebintho
2627 5260 2823 5319 usque
2851 5240 2933 5302 ad
2959 5241 3315 5319 speluncam
3356 5241 3463 5300 du·

583 5346 831 5427 plicem,
872 5345 980 5406 ubi
1019 5345 1413 5423 requiescunt
1450 5344 1839 5425 patriarchae
1878 5342 2169 5405 milliaria
2208 5349 2492 5420 quatuor.
2531 5339 2631 5401 De
2672 5339 2970 5418 spelunca
2996 5339 3231 5418 duplici
3265 5358 3464 5417 usque

588 5446 655 5507 in
691 5444 949 5507 Hebron
989 5444 1282 5506 milliaria
1318 5442 1440 5505 duo
1470 5467 1525 5504 ›.
1572 5443 1737 5506 Ossa
1790 5442 2020 5522 Ioseph
2060 5440 2313 5504 condita
2368 5445 2547 5502 erant
2597 5458 2791 5522 prope
2829 5437 3035 5501 vicum
3075 5437 3341 5519 Sichem,
3384 5436 3464 5500 ad

593 5563 773 5621 quem
813 5548 1032 5622 postea
1070 5541 1247 5603 venit
1284 5541 1666 5620 Peregrina:

755 5639 780 5679 ²
821 5640 980 5729 Reg.
1022 5641 1147 5723 111,
1190 5660 1323 5723 cap.
1365 5642 1424 5719 3,
1465 5659 1524 5701 v.
1569 5642 1667 5709 32,
