4642 6650
1033 759 1119 805 VI.
1168 758 1260 804 DE
1303 758 1500 805 Pmm
1543 757 1816 805 Dlacom
1860 756 2057 804 Lumo
2101 774 2130 788 ·
2173 759 2264 805 m:
2307 758 2490 806 Locls
2535 760 2802 808 sancus
2846 778 2876 792 ·
3177 762 3385 810 xxm

524 980 692 1056 folii
745 979 1303 1069 abscissionem,
1361 980 1441 1052 in
1497 1001 1646 1075 quo
1700 978 1908 1075 regio
1964 979 2165 1053 Huts
2219 983 2300 1055 et
2355 979 2625 1055 civitas
2695 980 3072 1075 Carnaim,
3127 982 3383 1079 patria

524 1123 701 1216 Job,
759 1122 1368 1214 declarabantur,
1424 1102 1559 1196 illa
1611 1122 1791 1196 libri
1844 1121 2168 1197 defectio
2224 1145 2378 1198 non
2450 1147 2772 1221 parvum
2848 1147 3010 1201 esse
3079 1125 3387 1201 videtur

525 1266 1096 1343 detrimentum.
1153 1265 1562 1340 Extremus
1616 1265 1922 1361 quidem
1977 1266 2379 1362 quaternio
2445 1267 2612 1362 jam
2684 1270 2986 1344 saeculo
3060 1270 3383 1346 decimo·

523 1411 798 1506 quinto
854 1409 1277 1500 decederat,
1359 1412 1449 1483 ut
1522 1411 1825 1484 constat
1907 1433 1999 1485 ex
2083 1410 2336 1487 codice
2407 1414 2898 1509 neapolitano
2981 1413 3079 1487 ad
3160 1413 3384 1490 fidem

524 1554 987 1653 autographi
1043 1553 1454 1629 casinensis
1511 1554 1944 1650 exemplato
1984 1545 2033 1629 ¹.

681 1696 802 1773 Ad
837 1697 1352 1794 evulgandum
1388 1697 1668 1771 librum
1709 1698 1919 1772 Petri
1973 1696 2295 1774 Diaconi
2337 1699 2622 1797 primus
2660 1704 2930 1776 auctor
2965 1700 3116 1775 fuit
3151 1701 3386 1799 Aloy-

520 1845 677 1919 sius
733 1842 947 1917 'Posti
1010 1842 1246 1917 abbas
1321 1840 1749 1932 casinensia,
1827 1842 2150 1938 scriptor
2229 1816 2828 1934 laudatissimuS‚
2902 1845 2982 1918 in
3046 1845 3388 1921 Historia

520 1986 878 2062 abbatiae
916 1985 1340 2062 Casinensis
1375 1978 1443 2074 ²3
1485 2006 1714 2080 quem
1769 1990 2140 2080 sequutus
2178 1988 2296 2061 est
2332 1985 2586 2081 Migne
2622 1986 2700 2060 in
2739 2010 2877 2061 sua
2916 1987 3385 2064 Bibliotheca

519 2136 828 2231 patrum
864 2123 914 2207 ³.
954 2131 1246 2207 Deinde
1283 2129 1547 2206 Comes
1588 2129 1680 2204 de
1717 2130 1975 2221 Riant,
2035 2130 2128 2206 de
2167 2131 2485 2205 orientis
2527 2132 2752 2206 latini
2788 2133 3060 2207 studiis
3099 2134 3382 2230 optime

519 2278 862 2370 meritus,
894 2276 1109 2352 Petri
1163 2274 1612 2372 opusculum
1678 2272 2253 2371 diligentissime
2307 2275 2515 2374 typis
2569 2275 2945 2350 commisit
2979 2267 3030 2351 ⁴.
3084 2275 3244 2352 Nos
3283 2278 3381 2352 ad

518 2424 937 2529 editionem
988 2419 1524 2518 perficiendam
1581 2419 1913 2494 codicem
1977 2419 2441 2494 casinensem
2497 2420 2833 2495 studiose
2870 2420 3376 2514 adhibuimuS,

519 2588 757 2663 quare
808 2563 1207 2654 nonnulla,
1268 2583 1466 2658 quae
1522 2562 1877 2636 comitem
1934 2560 2046 2636 De
2101 2561 2341 2636 Riant
2393 2563 2781 2657 fugerunt,
2838 2563 3167 2637 vidimus
3205 2564 3377 2659 ipsi:

520 2708 1048 2786 contendimus
1129 2706 1389 2796 etiam,
1473 2709 1705 2801 atque
1784 2705 2306 2797 lustravimuS,
2384 2705 2513 2782 sed
2594 2706 2994 2797 incassum,
3052 2706 3116 2781 si
3197 2707 3379 2803 quid

518 2849 728 2927 aliud
782 2848 1113 2946 reperire
1165 2847 1282 2921 fas
1358 2847 1578 2922 esset.

673 2992 914 3090 Perge
968 3013 1195 3082 nunc,
1252 2991 1492 3066 lector
1545 2988 1935 3079 benevole,
1993 2987 2091 3061 ad
2163 2988 2705 3083 perfruendum
2762 2991 2877 3082 iis,
2934 3011 3130 3086 quae
3184 2989 3374 3064 mihi

511 3135 827 3212 fortuna
879 3134 1266 3224 afferebat,
1345 3135 1431 3206 ut
1486 3131 1946 3207 christianae
2018 3129 2524 3227 antiquitates
2565 3131 2709 3205 tibi
2766 3132 3040 3207 melius
3094 3132 3375 3229 perspi-

514 3280 817 3356 ciantur
839 3299 859 3368 ;
900 3277 1194 3353 fructus
1250 3274 1560 3371 colligas
1617 3273 2025 3363 uberioreS,
2069 3273 2312 3349 lucem
2354 3272 2776 3370 adaugeas:
2809 3274 2997 3374 mihi
3025 3273 3371 3371 denique,

512 3419 577 3495 si
629 3420 710 3494 in
765 3417 1056 3516 aliquid
1108 3418 1376 3515 pedem
1431 3415 1730 3507 offendi,
1787 3415 2116 3491 libenter
2168 3417 2531 3511 ignoscas,
2605 3415 2858 3491 velim.

674 3698 696 3737 ¹
724 3699 876 3762 God.
939 3698 1146 3761 Oasin.
1187 3699 1302 3759 361
1348 3696 1428 3759 ad
1468 3696 1513 3758 f.
1555 3697 1653 3759 34.
1696 3695 1905 3760 Codex
1965 3695 2161 3776 Neap.
2202 3694 2415 3776 regius
2454 3696 2533 3757 D.
2575 3697 2654 3757 22
2694 3695 2812 3776 bis,
2853 3716 3037 3775 quem
3091 3700 3370 3764 exaravit

510 3798 866 3861 Honoratus
901 3816 1191 3859 monacus
1233 3816 1393 3858 saec.
1436 3795 1579 3857 XV.

668 3896 901 3959 Tamen
939 3896 1127 3958 etiam
1168 3902 1352 3957 antea
1389 3894 1557 3958 liber
1588 3895 1662 3956 P.
1705 3894 1783 3957 D.
1823 3914 1946 3956 non
1986 3893 2111 3955 fuit
2150 3894 2428 3973 ignotus.
2471 3893 2650 3955 Anno
2682 3893 2839 3954 1685
2866 3895 3164 3959 Mabillon
3190 3897 3256 3959 in
3282 3898 3370 3960 bi·

506 3992 774 4055 blioteca
810 3991 1118 4055 casinensi
1157 3991 1479 4073 prologum
1520 3991 1781 4070 excepit,
1822 4011 2004 4068 quem
2044 3989 2324 4052 Martene
2367 3998 2432 4052 et
2470 3990 2728 4051 Durand
2757 4011 2810 4051 a.
2844 3992 3002 4053 1729
3040 3991 3369 4056 ediderunt

511 4091 835 4172 (Ampliss.
878 4090 1031 4154 0011.
1073 4090 1187 4168 VI,
1227 4111 1289 4169 p.
1334 4090 1494 4169 789).
1536 4089 1799 4151 Ineunte
1841 4089 2085 4151 saeculo
2128 4087 2367 4150 decimo
2397 4095 2615 4150 octavo
2642 4089 2995 4151 Honoratus
3023 4110 3061 4152 a
3088 4110 3137 4152 s.
3168 4092 3369 4154 Maria

510 4188 875 4268 Gar-melita,
901 4209 1088 4268 quum
1126 4188 1207 4250 de
1251 4187 1484 4249 Christi
1545 4186 1815 4267 imagine
1875 4186 2233 4265 dissereret,
2293 4187 2518 4247 librum
2558 4186 2621 4247 in
2664 4206 2714 4248 s.
2756 4187 2831 4248 P.
2871 4188 2950 4249 D.
2993 4188 3250 4250 adduxit
3300 4191 3367 4253 in

506 4308 653 4352 suas
692 4286 1083 4350 doctissimas
1124 4285 1712 4348 Animadversiones
1754 4285 1817 4346 in
1858 4286 2109 4364 regulas
2152 4284 2415 4346 Critices
2454 4285 2496 4345 1.
2538 4285 2650 4347 IV.
2694 4284 2846 4347 diss.
2887 4288 2945 4364 8,
2988 4292 3102 4348 art.
3145 4289 3204 4349 2.

666 4382 691 4420 ²
718 4380 931 4445 Sim-ia
968 4384 1131 4443 della
1171 4384 1385 4442 Radia
1425 4384 1492 4441 di
1530 4382 1734 4441 Monte
1782 4379 2061 4455 Cassino,
2103 4380 2191 4458 ΙΙ,
2233 4400 2294 4459 p.
2344 4381 2479 4442 121.
2518 4380 2733 4442 Monte
2778 4379 3035 4442 cassino
3081 4382 3257 4443 1843.

665 4479 691 4516 ⁸
717 4479 946 4559 Migne,
985 4478 1344 4557 Patrologia
1382 4477 1453 4540 Τ.
1498 4477 1844 4540 CLXXIII
1883 4499 1943 4558 p.
1988 4479 2346 4539 1115-1134.

662 4578 692 4615 ⁴
714 4579 893 4641 Petri
935 4578 1292 4641 casinensis
1351 4576 1613 4657 dyaconi
1649 4576 1810 4638 liber
1848 4577 1928 4639 de
1966 4576 2120 4639 locis
2180 4576 2434 4650 sanctis,
2478 4595 2589 4638 seu
2642 4573 2978 4656 descriptio
3033 4581 3257 4657 terrae,
3298 4583 3364 4640 et

504 4675 701 4740 totius
740 4682 942 4741 terrae
979 4675 1477 4758 repromissionis
1515 4674 1914 4739 itinerarium.
1956 4674 2238 4755 Neapoli,
2282 4675 2456 4735 1870.
