4642 6650
1546 780 1643 825 111.
1689 780 1780 826 1³1³:
1822 781 2401 829 PEREGROEAOEIOM:
3230 787 3407 835 xxm

540 1019 694 1072 non
746 997 993 1094 liquet
1029 1000 1292 1072 utrum
1359 998 1746 1074 desertum
1787 999 2227 1077 difficillimo
2266 1002 2547 1079 itinere
2582 1004 2995 1098 traiecerit,
3054 1029 3154 1081 an
3209 1007 3415 1085 viam

540 1141 919 1238 publicam
974 1164 1111 1239 per
1163 1142 1555 1218 Pelusium
1609 1144 1926 1241 elegerit
1952 1138 2002 1219 ¹.

702 1284 1074 1372 Quintum
1134 1285 1284 1362 iter
1356 1287 1521 1382 ipsa
1591 1288 1936 1364 instituit
2008 1289 2106 1363 ad
2180 1291 2699 1388 aspiciendum
2770 1297 3110 1369 montem
3178 1294 3413 1370 Sinai.

541 1427 816 1539 Itaque
845 1427 1456 1524 Hierosolymam
1494 1429 1848 1526 linquens
1891 1453 2151 1508 mense
2181 1433 2562 1509 decembri
2590 1435 2982 1510 Pelusium
3012 1437 3348 1533 perrexit
3362 1427 3414 1528 ²,

541 1574 776 1667 atque
829 1593 962 1669 per
997 1571 1372 1646 isthmum
1425 1576 1633 1649 recto
1687 1574 1966 1651 itinere
2023 1574 2328 1672 Clysma
2365 1577 2783 1654 contendit.
2823 1578 2988 1654 Hoc
3026 1578 3120 1655 de
3160 1583 3416 1656 castro

543 1718 924 1811 portuque
996 1717 1226 1791 maris
1281 1717 1519 1810 rubri,
1577 1718 1791 1792 cuius
1873 1719 1971 1791 ad
2043 1719 2230 1792 litus
2314 1722 2690 1795 transitus
2764 1720 3098 1796 filiorum
3180 1723 3420 1800 Israel

543 1863 881 1939 evenisse
936 1862 1350 1952 ferebatur,
1403 1886 1636 1959 quam
1692 1863 2275 1962 descriptionem
2341 1865 2506 1961 ipsa
2567 1866 2914 1957 tradidit,
2983 1867 3201 1941 nobis
3266 1888 3420 1942 ser·

546 2006 762 2083 vavit
844 2006 1119 2082 Petrus
1201 2005 1609 2081 Diaconus.
1667 2003 1734 2078 A
1791 2005 2179 2102 clysmate
2260 2009 2707 2103 peragravit
2792 2009 3175 2084 desertum
3248 2009 3418 2104 Sur,

544 2152 816 2228 deinde
872 2152 1170 2228 invenit
1222 2152 1698 2227 mansionem
1755 2153 1836 2226 in
1871 2150 2164 2243 Maran,
2206 2155 2286 2227 et
2324 2152 2684 2229 accedens
2722 2153 2818 2227 ad
2856 2176 3067 2230 mare
3094 2156 3419 2230 rubrum

544 2295 895 2371 subsistit
948 2296 1029 2370 in
1083 2294 1511 2386 Arandara,
1570 2294 1825 2386 (hodie
1887 2295 2278 2387 Garundel)
2339 2298 2630 2393 optima
2682 2297 2765 2371 16
2817 2297 3126 2373 heremo
3198 2323 3417 2374 man·

405 2458 414 2465 ·
546 2440 780 2531 sione,
836 2460 1036 2535 quae
1090 2438 1244 2513 fuit
1296 2437 1572 2513 Helim.
1634 2438 1880 2524 Quum
1939 2461 2071 2535 per
2126 2439 2516 2514 desertum
2588 2440 2838 2514 Faran
2912 2437 3446 2537 processisset,'

546 2605 771 2681 rupes
808 2583 890 2658 in
928 2583 1317 2658 montibus
1356 2583 1688 2679 inspexit
1728 2587 2136 2659 excavatas
2174 2584 2272 2658 ad
2310 2584 2659 2660 cubicula
2698 2587 2778 2661 et
2816 2586 3255 2683 obsignatas
3291 2587 3421 2661 lit·

545 2729 735 2805 teris
783 2729 1132 2804 arameis.
1172 2727 1511 2804 Accessit
1548 2727 1647 2801 ad
1683 2727 1940 2804 vicum
1975 2728 2248 2821 Faran,
2290 2729 2822 2826 montiumque
2859 2730 3257 2826 angustias
3292 2752 3421 2827 pe·

542 2871 910 2963 netravit,
967 2872 1102 2946 ubi
1155 2871 1419 2970 Moyse
1474 2871 1931 2968 adprecante
1988 2871 2461 2947 Amalecitae
2514 2871 2900 2969 profligati
2955 2874 3160 2947 sunt.
3198 2872 3414 2946 Inter

545 3016 797 3091 Faran
851 3018 934 3090 et
1008 3014 1220 3090 Sinai
1279 3015 1620 3112 vulgaris
1691 3014 2011 3089 traditio
2069 3015 2536 3091 mansionem
2594 3014 2871 3091 Aserot
2934 3019 3018 3091 et·
3070 3016 3418 3112 sepulcra

548 3157 1200 3254 concupiscentiae
1227 3160 1399 3231 tum
1428 3156 1869 3254 peregrinae
1904 3156 2327 3232 indicabat:
2368 3179 2567 3253 quae
2594 3158 2934 3232 transitu
2962 3157 3166 3233 inter
3204 3180 3420 3232 mon·

546 3306 667 3380 tes
701 3302 1117 3400 asperrimo
1147 3304 1506 3399 superato
1537 3302 1817 3380 vallem
1844 3301 2273 3378 sinaiticam
2303 3302 2564 3395 subiit,
2593 3302 2804 3379 laeta
2832 3302 3035 3400 quod
3074 3305 3418 3400 montem

547 3451 901 3525 sanctum
954 3448 1441 3545 prospiceret.
1500 3447 1620 3522 Ab
1676 3449 1818 3524 hoc
1887 3448 2186 3523 itineris
2241 3450 2632 3522 momento
2706 3447 3104 3522 exordium
3175 3449 3416 3522 sumit

546 3590 1064 3689 fragmentum
1118 3591 1393 3668 codicis
1449 3591 1792 3684 arretini,
1849 3567 2009 3667 sive
2050 3592 2419 3687 antiquae
2460 3591 3117 3687 peregrinationis,
3175 3614 3417 3687 quam

548 3735 889 3811 studiose
945 3757 1372 3832 sequemur.

707 3878 992 3954 Montis
1049 3877 1257 3953 Sinai
1285 3872 1313 3915 ³
1367 3878 1731 3953 verticem
1769 3877 2143 3974 reptando
2182 3878 2263 3972 in
2299 3900 2525 3975 rupes
2580 3877 3033 3974 asperrimas
3086 3878 3419 3955 viriliter

547 4022 1002 4117 assequitur,
1059 4021 1141 4095 in
1196 4043 1346 4118 quo
1403 4020 1716 4097 ecclesia
1769 4043 2009 4118 parva
2063 4023 2255 4113 erat,
2312 4023 2394 4096 et
2447 4020 2809 4117 spelunca
2846 4019 3153 4117 Moysis
3193 4021 3412 4097 Mons

547 4164 857 4260 quidem
884 4164 1017 4240 ille
1043 4164 1232 4238 mihi
1260 4187 1374 4256 ea,
1406 4185 1601 4260 quae
1633 4164 2187 4256 describuntur,
2219 4164 2639 4259 inquirenti
2667 4163 2921 4259 potius
2949 4186 3154 4240 nunc
3181 4188 3239 4240 6.
3272 4164 3415 4239 Ca-

551 4306 906 4382 tharinae
960 4329 1193 4402 quam
1249 4305 1530 4397 Moisis,
1589 4326 1816 4401 quem
1872 4304 1951 4378 in
2006 4304 2211 4379 notis
2265 4305 2624 4401 praetuli,
2680 4304 2914 4380 fuisse
2970 4306 3304 4382 videtur.
3348 4306 3418 4381 A

546 4473 698 4549 quo
751 4451 834 4525 in
906 4450 1168 4542 alium,
1243 4451 1607 4525 vocatum
1683 4448 1902 4540 Oreb,
1958 4452 2458 4545 transgressa,
2515 4470 2595 4523 se
2668 4449 2751 4522 in
2831 4449 3411 4542 monasterium,
3467 4529 3474 4535 ,

547 4596 647 4670 ad
700 4593 929 4693 pedes
993 4594 1277 4669 montis
1348 4596 1431 4669 et
1485 4593 1585 4667 ad
1657 4593 1939 4667 rubum
1991 4593 2251 4667 Moisis
2314 4592 2676 4689 positum,
2734 4595 2958 4668 nocte
3010 4598 3417 4690 appropin-

546 4742 836 4837 quante
887 4738 1196 4835 recepit.
1263 4737 1703 4814 Observatis
1763 4736 2140 4830 omnibuS,
2195 4758 2394 4832 quae
2449 4736 2542 4812 de
2590 4738 2851 4810 monte
2905 4738 2987 4812 et
3040 4736 3242 4813 valle
3298 4735 3414 4811 Si-

712 5038 728 5074 ¹
764 5040 936 5102 Petr.
978 5039 1056 5101 D.
1085 5060 1145 5119 p.
1180 5040 1326 5101 136:
1362 5063 1393 5099 ‹
1416 5041 1575 5102 Pars
1619 5039 1905 5117 Arabiae,
1932 5058 2090 5117 quae
2129 5036 2407 5117 iungitur
2433 5036 2815 5116 Palestinae,
2836 5036 3266 5100 inaccessibile
3292 5037 3417 5100 iter

542 5138 751 5216 habet,
793 5161 937 5202 nam
974 5140 1126 5202 licet
1163 5138 1582 5202 mansionibus
1621 5138 1976 5217 quindecim
2016 5144 2133 5200 etc.
2152 5162 2184 5194 »

640 5319 649 5326 ο
706 5237 732 5276 ²
761 5240 936 5303 Petr.
963 5240 1041 5302 D.
1070 5260 1131 5319 p.
1163 5239 1280 5300 136
1310 5245 1376 5301 et
1402 5257 1573 5317 seqq.
1602 5237 1859 5318 Per-egr.
1881 5258 1944 5316 p.
1973 5239 2052 5298 35
2081 5245 2146 5299 et
2174 5257 2344 5316 seqq.
2376 5236 2595 5299 Mense
2637 5236 2949 5298 decembri
2989 5235 3112 5298 iter
3138 5236 3220 5299 ad
3246 5235 3419 5299 Sinai

506 5419 516 5428 '
543 5338 838 5419 suscepit,
881 5358 1055 5417 quos,
1083 5358 1223 5401 cum
1249 5336 1501 5412 rediret,
1530 5336 1763 5400 festum
1790 5337 2174 5418 Epiphaniae
2216 5337 2445 5416 agebat
2469 5337 2536 5397 in
2563 5336 2800 5398 Arabia
2824 5336 3081 5399 civitate
3110 5336 3389 5417 Aegypti
3407 5390 3424 5408 ,

544 5437 637 5499 Eo
679 5442 959 5516 tempore
997 5434 1439 5497 Postumianus
1482 5434 1703 5497 Gallus
1734 5435 1954 5514 jugum
1982 5435 2154 5497 Sinai
2182 5435 2410 5496 montis
2439 5433 2741 5496 ascendit.
2784 5433 2956 5514 Sulp.
2986 5433 3129 5496 Sev.
3157 5433 3407 5514 Dialog.

543 5535 642 5598 De
682 5533 900 5597 virtut.
943 5533 1394 5596 monachornm.

703 5631 729 5669 ³
755 5633 1013 5711 Peregr.
1053 5653 1115 5713 p.
1157 5633 1255 5693 38.
