4642 6650
1003 1909 1077 1965 45

1161 774 1248 838 58
2136 797 2188 840 s.
2237 796 2502 840 smvrffl
2547 797 3043 844 Punuemm‘rro

1826 888 3100 898 u———Q-—ss———ffl
3109 891 3214 897 -——-

1163 1038 1316 1089 non
1371 1016 1559 1090 satis
1614 1016 1942 1112 grandiS,
2000 1017 2131 1091 sed
2185 1017 2434 1092 factus
2489 1019 2686 1093 sicut
2739 1020 2988 1094 solent
3042 1041 3202 1094 esse
3256 1021 3594 1111 tumbae,
3636 1021 3766 1096 sed
3803 1043 4026 1115 gran-

1164 1139 1308 1214 dis:
1349 1141 1458 1214 ibi
1494 1163 1672 1236 ergo
1728 1142 1809 1214 in
1864 1164 2159 1216 summo
2215 1144 2528 1218 ecclesia
2583 1146 2723 1235 est,
2777 1148 2857 1218 et
2913 1144 3266 1219 deorsum
3319 1167 3454 1241 per
3507 1147 3756 1241 girum
3794 1146 4029 1243 ipsius

1163 1266 1492 1340 colliculi
1546 1271 1818 1363 parent
1873 1268 2375 1343 fundamenta
2429 1270 2750 1365 grandia
2806 1273 3146 1366 antiqua.
3188 1271 3410 1345 Nunc
3449 1276 3711 1346 autem
3748 1272 3829 1345 in
3868 1274 4030 1368 ipso

1161 1391 1329 1465 vico
1386 1394 1661 1467 turbae
1716 1394 2160 1489 aliquantae
2215 1398 2720 1469 commanent.
2780 1396 2940 1492 Ego
2997 1399 3259 1470 autem
3314 1418 3487 1470 cum
3543 1396 3880 1472 viderem
3917 1397 4030 1471 lo-

1164 1539 1334 1591 cum
1389 1520 1555 1591 tam
1611 1523 1943 1613 gratum,
2000 1518 2388 1614 requisivi,
2440 1519 2789 1615 quisnam
2827 1520 3035 1594 locus
3085 1524 3284 1595 esset
3322 1515 3447 1594 ille
3486 1523 3650 1594 tam
3690 1543 4029 1596 amenus.

1165 1643 1378 1717 Tunc
1431 1643 1720 1717 dictum
1759 1647 1876 1717 est
1914 1643 2163 1718 michi:
2205 1645 2392 1718 haec
2430 1647 2547 1718 est
2586 1640 2856 1719 civitas
2894 1645 3091 1741 regis
3129 1646 3464 1735 Melchis,
3505 1650 3587 1720 et
3620 1646 3805 1721 haec
3841 1666 4035 1742 quae

1166 1769 1370 1843 dicta
1425 1772 1542 1843 est
1597 1772 1779 1843 ante
1837 1768 2111 1859 Salem,
2171 1769 2372 1844 unde
2427 1793 2649 1855 nunc,
2708 1774 3065 1867 corrupto
3122 1786 3492 1860 sermone,
3545 1770 3847 1846 Sedima
3903 1796 4032 1868 ap-

1165 1896 1501 1990 pellatur
1536 1895 1693 1991 ipse
1734 1888 2007 1970 vicus¹.
2049 1896 2245 1968 Nam
2283 1896 2364 1969 in
2402 1896 2549 1969 isto
2592 1897 2961 1988 colliculo,
3011 1898 3020 1988 Ι
3071 1898 3203 1992 qui
3241 1902 3359 1972 est
3394 1898 3643 1971 medio
3683 1897 3850 1973 vico
3905 1920 4036 1993 po-

1167 2021 1386 2110 situS,
1417 2020 1498 2092 in
1527 2020 2053 2093 summitatem
2091 2020 2325 2116 ipsius
2364 2020 2755 2112 fabricam,
2789 2046 3016 2118 quam
3049 2022 3283 2112 videS,
3316 2022 3628 2095 ecclesia
3665 2025 3808 2095 est:
3839 2043 4036 2117 quae

1167 2145 1481 2219 ecclesia
1518 2168 1720 2219 nunc
1758 2146 2190 2241 appellatur
2225 2167 2448 2240 greco
2488 2168 2856 2237 sermone,
2900 2169 3050 2242 opu
3088 2146 3400 2223 melchis
3420 2137 3470 2220 ².
3501 2147 3602 2219 Et
3637 2147 3823 2221 haec
3856 2169 4036 2219 nam

1166 2270 1288 2344 hic
1341 2274 1459 2345 est
1514 2271 1746 2362 locus,
1806 2271 1938 2344 ubi
1994 2271 2280 2366 optulit
2335 2272 2881 2346 Melchisedech
2964 2273 3199 2346 ostias
3255 2273 3414 2346 Deo
3472 2294 3722 2366 puras,
3788 2270 3867 2343 id
3921 2273 4040 2345 est

1165 2416 1397 2489 panes
1455 2398 1535 2470 et
1590 2395 1878 2485 vinum,
1937 2395 2136 2469 sicut
2190 2395 2559 2491 scriptum
2614 2400 2732 2470 est
2787 2419 2964 2472 eum
3023 2396 3285 2471 fecisse
3315 2387 3363 2470 ³.

1328 2519 1609 2594 Statim
1666 2542 1869 2616 erg0,
1929 2523 2020 2592 ut
2072 2520 2263 2594 haec
2320 2519 2604 2611 audivi,
2664 2519 3186 2595 descendimus
3242 2521 3333 2595 de
3391 2520 3892 2594 animalibus:
3958 2524 4040 2593 et

1167 2666 1337 2719 ecce
1393 2665 1785 2719 occurrere
1842 2643 2200 2739 dignatus
2255 2647 2376 2718 est
2429 2648 2738 2718 sanctus
2793 2645 3169 2740 presbiter
3224 2644 3457 2740 ipsius
3513 2645 3684 2734 loci,
3750 2646 3829 2718 et
3893 2644 4040 2718 cle·

1168 2767 1327 2857 rici;
1367 2769 1500 2863 qui
1554 2789 1691 2841 nos
1746 2770 2014 2841 statim
2069 2769 2563 2864 suscipientes
2619 2768 3003 2844 duxerunt
3040 2791 3214 2843 suso
3273 2769 3370 2841 ad
3427 2767 3841 2844 ecclesiam.
3890 2766 4041 2840 Ubi

1168 2915 1341 2968 cum
1380 2895 1873 2983 venissemus,
1915 2895 2181 2968 statim
2213 2895 2433 2968 iuxta
2461 2895 3082 2970 consuetudinem
3116 2895 3447 2991 primum
3484 2894 3690 2969 facta
3726 2895 3844 2967 est
3871 2914 4039 2966 ora-

1170 3020 1305 3093 tio:
1364 3020 1635 3094 deinde
1690 3020 1932 3095 lectus
1988 3022 2110 3094 est
2163 3023 2319 3115 ipse
2379 3020 2585 3095 locus
2644 3021 2736 3096 de
2793 3021 3010 3115 librow
3043 3021 3295 3096 sancti
3332 3020 3602 3116 Moysi,
3643 3019 3889 3092 dictus
3926 3020 4043 3091 est

1169 3146 1404 3220 etiam
1462 3147 1796 3242 psalmus
1854 3168 2052 3219 unus
2107 3148 2542 3241 competens
2599 3145 2762 3220 loco
2817 3145 2983 3241 ipsi:
3044 3150 3126 3219 et
3164 3146 3411 3220 denuo
3450 3145 3656 3219 facta
3694 3145 4040 3218 oratione

1170 3270 1719 3346 descendimus,
1779 3268 1968 3343 Cum
2017 3292 2195 3366 ergo
2236 3269 2908 3362 descendissemuS,
2963 3270 3076 3344 ait
3110 3270 3327 3345 nobis
3365 3269 3495 3345 ille
3532 3271 3838 3343 sanctus
3874 3287 4043 3363 pre-

1170 3397 1410 3470 sbiter
1464 3396 1619 3469 iam
1673 3395 1926 3470 senior
1980 3399 2061 3469 et
2115 3396 2208 3470 de
2264 3396 2656 3493 scripturis
2712 3397 2902 3471 bene
2961 3397 3405 3485 instructuS‚
3465 3396 3541 3468 id
3579 3397 3695 3469 est
3732 3394 3862 3488 qui
3899 3392 4043 3488 ipsi

1169 3523 1333 3597 loco
1391 3524 1694 3617 preerat
1730 3544 1823 3595 ex
1870 3526 2267 3617 monachO,
2328 3524 2449 3597 cui
2485 3524 2909 3617 presbitero
2947 3527 3030 3597 et
3065 3522 3391 3617 episcopi
3429 3521 3762 3617 plurimi,
3803 3543 4041 3615 quan-

1170 3648 1341 3719 tum
1395 3647 1883 3743 postmodum
1939 3647 2453 3743 cognovimus,
2489 3647 2694 3721 vitae
2754 3647 2992 3742 ipsius
3046 3645 3572 3720 testimonium
3613 3645 3898 3742 grande
3934 3643 4041 3717 fe-

1171 3773 1473 3846 rebant.
1530 3771 1731 3845 Nam
1787 3772 1928 3846 hoc
1982 3771 2075 3845 de
2129 3771 2292 3866 ipso
2351 3772 2738 3863 dicebant,
2769 3771 3040 3867 dignus
3083 3771 3214 3866 qui
3252 3770 3488 3866 presit
3539 3770 3618 3843 in
3675 3771 3819 3843 hoc
3853 3768 4043 3859 loce,

1173 3897 1308 3972 ubi
1362 3900 1671 3971 sanctus
1725 3896 2272 3972 Melchisedech
2347 3898 2885 3972 advenientem
2939 3898 3288 3971 sanctum
3354 3895 3691 3969 Abraam
3754 3894 4047 3969 hostias

1174 4025 1335 4100 Deo
1389 4046 1621 4119 puras
1673 4022 1962 4120 primus
2020 4009 2327 4119 optulit.

1335 4148 1523 4224 Cum
1556 4170 1735 4244 ergo
1774 4147 2435 4238 descendissemus,
2472 4149 2561 4221 ut
2590 4146 2934 4243 superius
2962 4145 3143 4238 dixi,
3184 4144 3276 4220 de
3320 4143 3630 4219 ecclesia
3669 4142 4045 4233 deorsum,

1176 4274 1291 4348 ait
1343 4272 1559 4347 nobis
1615 4275 1774 4367 ipse
1829 4276 2134 4347 sanctus
2172 4273 2581 4367 presbiter:
2613 4271 2797 4346 Ecce
2838 4270 2989 4345 ista
3029 4270 3532 4344 fundamenta
3568 4268 3649 4341 in
3687 4269 3852 4363 giro
3891 4267 4044 4341 col-

1174 4400 1403 4474 liculo
1439 4399 1612 4490 isto,
1653 4421 1845 4494 quae
1905 4399 2203 4489 videtis„
2261 4399 2407 4472 hae
2462 4401 2644 4471 sunt
2699 4398 2791 4471 de
2846 4397 3135 4494 palatio
3172 4395 3370 4490 regis
3410 4393 3954 4468 Melchisedech
3990 4386 4041 4465 ⁴.

1340 4662 1358 4697 ¹
1393 4660 1640 4742 Optime
1667 4660 1748 4723 ad
1774 4680 1906 4723 rem
1935 4667 2281 4740 congruunt
2307 4660 2500 4723 verba
2526 4657 2891 4737 Hieronymi
2923 4655 3150 4738 (Epist.
3179 4655 3259 4717 ad
3286 4653 3755 4735 Evangelium):
3790 4675 3822 4710 ε
3845 4651 4053 4714 Salem

1177 4766 1384 4823 autem
1422 4782 1566 4839 non,
1605 4769 1676 4822 ut
1714 4760 2019 4840 Iosephus
2062 4766 2127 4821 et
2166 4759 2367 4821 nostri
2409 4779 2620 4820 omnes
2662 4756 3071 4834 arbitrantur,
3117 4774 3257 4817 esse
3297 4752 3669 4830 Ierusalem3
3734 4795 4050 4815 ......

1178 4860 1293 4923 sed
1333 4860 1624 4942 oppidum
1664 4860 1837 4920 iuxta
1877 4858 2316 4939 scythopolim,
2359 4857 2523 4937 quod
2547 4877 2740 4935 usque
2767 4855 2954 4918 hodie
2982 4853 3331 4935 appellatur
3357 4852 3579 4931 Salem,
3609 4859 3674 4914 et
3703 4849 4053 4913 ostenditur

1179 4958 1268 5019 ibi
1294 4958 1592 5038 palatium
1615 4956 2094 5032 Melchisedech,
2126 4976 2201 5017 ex
2224 4955 2653 5035 magnitudine
2683 4954 3013 5029 ruinarum,
3044 4952 3277 5013 veteris
3308 4950 3514 5030 operis
3556 4947 3892 5011 ostendens
3933 4967 4056 5007 ma—

1180 5055 1597 5134 gnificentiam
1621 5079 1676 5118 ».
1722 5054 1944 5117 Chron.
1985 5053 2288 5116 Paschale
2320 5053 2425 5135 (de
2453 5051 2969 5134 Melchisedech):
3018 5073 3049 5109 α
3074 5057 3175 5127 Εἰς
3222 5052 3296 5115 τὸ
3344 5051 3534 5140 πέραν
3581 5059 3691 5113 τοῦ
3747 5038 4052 5136 Ἰορδάνου

1182 5161 1265 5232 εἰς
1316 5155 1546 5244 Σαλῆμ
1591 5151 1789 5238 πόλιν,
1840 5150 1909 5220 οὗ
1955 5153 2074 5226 τὴν
2109 5154 2330 5243 κώμην
2365 5152 2715 5240 ἐθεασάμην
2742 5177 2801 5214 ».
2834 5148 3016 5223 Quod
3043 5168 3165 5209 non
3193 5167 3366 5209 vere:
3397 5165 3540 5207 nam
3565 5164 3691 5206 non
3729 5145 3899 5205 ultra
3940 5140 4054 5204 sed

1184 5257 1342 5312 citra
1382 5250 1710 5312 Iordanem
1751 5250 2046 5330 oppidum
2088 5250 2293 5311 Salem
2332 5249 2530 5311 fuisse
2569 5247 2836 5309 videtur.

1342 5349 1367 5385 ²
1399 5349 1539 5429 Opu
1564 5348 1827 5411 Melchis
1856 5370 1967 5428 pro
2002 5350 2181 5441 Ὄρος
2230 5351 2483 5440 Μελχίς,
2511 5347 2725 5410 littera
2763 5352 2998 5408 mutata
3023 5352 3279 5427 propter
3305 5343 3539 5406 formae
3566 5339 4056 5405 similitudinem.

1345 5448 1370 5484 ³
1398 5448 1625 5511 Genes.
1666 5449 1845 5527 XIV,
1893 5450 2085 5509 18-20.

1345 5547 1372 5581 ⁴
1396 5547 1493 5609 De
1532 5546 1859 5609 ruderibus
1899 5545 2117 5627 palatii
2157 5543 2619 5607 Melchisedech
2661 5551 2935 5623 tempore
2977 5562 3028 5605 S.
3067 5540 3433 5621 Hieronymi
3490 5540 3843 5602 extantibus
3861 5585 3876 5614 ‚
3917 5558 4058 5598 eum

1187 5649 1497 5706 auctorem
1539 5644 1753 5721 secuti,
1797 5645 2061 5706 diximus
2103 5664 2289 5723 supra
2328 5644 2392 5704 in
2434 5644 2657 5705 Salem.
