4642 6650
1110 1976 1182 2032 25

1240 712 1325 776 26
2495 729 2550 772 s.
2598 728 2855 773 nummi

1238 951 1562 1047 septimo
1602 953 1863 1026 autem
1904 949 2025 1025 die
2061 973 2234 1025 cum
2270 949 2549 1045 septies
2587 948 3132 1041 circumissent,
3162 949 3357 1023 tuba
3394 952 3738 1041 canente,
3770 950 4110 1026 civitatis

1239 1076 1440 1151 muri
1496 1076 2019 1165 conciderunt;
2078 1078 2162 1149 et
2215 1076 2529 1165 cunctiS,
2587 1076 2719 1170 qui
2780 1075 2862 1147 in
2928 1076 3117 1150 urbe
3173 1078 3422 1167 erant,
3492 1077 3893 1172 peremtis:
3953 1078 4117 1152 sola

1237 1203 1452 1278 Raab
1509 1202 1605 1276 ab
1663 1201 1834 1277 Iesu
1892 1224 2065 1276 cum
2121 1201 2330 1275 omni
2387 1200 2610 1274 domo
2667 1223 2807 1273 sua
2864 1204 3383 1276 conservatur.
3443 1200 3586 1275 Hic
3635 1201 3819 1276 ordo
3857 1224 4116 1281 rerum

1238 1328 1535 1423 magnis
1590 1325 2043 1423 spiritaliter
2098 1325 2618 1422 gerundarum
2655 1326 3151 1400 sacramentis
3208 1318 3643 1400 connexus¹
3709 1329 3848 1401 est.
3908 1327 4117 1401 Duos

1238 1453 1335 1526 ab
1391 1453 1565 1527 Iesu
1621 1452 1888 1526 missos
1943 1454 2197 1526 terrae
2237 1451 2760 1545 exploratores
2819 1451 3183 1526 meretrix
3216 1452 3423 1525 domi
3459 1451 3830 1548 suscepit:
3871 1452 4117 1548 legem

1237 1581 1319 1652 et
1372 1577 1856 1674 prophetiam
1913 1574 2010 1649 ad
2065 1573 2608 1670 explorandam
2663 1574 3067 1648 hominum
3123 1574 3345 1651 fidem
3390 1576 3696 1650 missam
3734 1576 4114 1671 peccatrix

1239 1704 1551 1780 ecclesia
1605 1704 1893 1799 recepit
1908 1723 1926 1789 ;
1986 1725 2119 1798 per
2175 1725 2409 1797 quam
2466 1700 2880 1777 confitetur
2934 1699 3138 1776 Deus
3195 1706 3275 1776 et
3328 1702 3410 1775 in
3455 1704 3662 1777 coelo
3691 1726 3979 1778 -susum
4037 1707 4118 1780 et

1236 1832 1317 1904 in
1372 1834 1581 1905 terra
1639 1830 2015 1903 deorsum.
2070 1828 2257 1903 Post
2311 1828 2734 1922 spiritalem
2797 1827 2963 1902 eius
2992 1829 3565 1923 generationem
3603 1831 4117 1922 contestatam

1237 1978 1680 2053 corpoream
1735 1956 2000 2030 didicit
2054 1955 2259 2028 enim
2312 1954 2395 2026 in
2450 1954 2611 2045 his;
2685 1957 2859 2049 post
2922 1955 3064 2028 hoc
3126 1952 3209 2026 in
3262 1955 3473 2027 terra
3527 1954 3735 2029 visus
3784 1958 3923 2045 est,
3974 1955 3984 2048 Ι
4034 1958 4118 2028 et

1236 2084 1440 2157 inter
1493 2081 1835 2156 homines
1891 2082 2385 2156 conversatus
2444 2082 2584 2153 est.
2642 2079 2762 2152 Ab
2817 2079 3138 2154 hiisdem
3195 2079 3431 2153 etiam
3487 2079 3790 2174 signum
3843 2079 4117 2154 salutis

1235 2208 1567 2302 accepit,
1624 2207 1706 2279 in
1781 2205 2123 2279 coccineo
2152 2198 2179 2240 ²
2236 2205 2478 2278 colore
2534 2203 2821 2278 scilicet
2892 2225 3029 2298 pro
3106 2202 3486 2297 dignitate
3558 2203 3770 2298 regio
3845 2206 3927 2277 et
3978 2226 4116 2299 pro

1235 2332 1765 2428 corporatione
1803 2330 2246 2424 sanguineO,
2287 2328 2490 2425 quod
2529 2331 2946 2424 utrumque
2986 2327 3065 2400 in
3103 2327 3451 2422 passione
3496 2327 3893 2421 convenit:
3934 2350 4108 2402 cum

1234 2462 1315 2533 et
1366 2457 1513 2532 tali
1552 2457 1825 2530 habitu
1864 2455 2237 2529 Dominus
2275 2454 2594 2528 indutus
2651 2456 2792 2544 est,
2851 2456 2931 2528 et
2987 2452 3294 2548 sanguis
3351 2453 3422 2527 ei
3476 2453 3703 2526 fluxit
3757 2475 3799 2528 e
3845 2454 4111 2527 latere.

1233 2583 1397 2658 Hoc
1451 2582 1838 2657 coccinum
1894 2584 1974 2655 et
2028 2581 2413 2655 Manasses
2452 2579 2744 2675 accepit
2781 2578 2862 2651 in
2920 2579 3176 2674 signo:
3215 2579 3358 2653 hoc
3396 2579 3767 2673 sanguine
3804 2581 3885 2653 et
3941 2600 4115 2652 con-

1235 2708 1579 2805 signatae
1638 2707 1718 2779 in
1773 2704 2128 2801 Aegypto
2187 2704 2455 2778 domus
2510 2706 2733 2777 tutae
2792 2704 2999 2794 sunt,
3058 2706 3139 2777 et
3202 2702 3651 2777 testamenti
3690 2702 3886 2777 liber
3941 2724 4115 2776 con-

1234 2855 1534 2928 spersus
1591 2835 1730 2923 est,
1790 2833 1870 2905 et
1906 2829 2423 2905 sanctificatus
2462 2830 2581 2901 est
2609 2827 2957 2922 populuS.
2989 2827 3344 2922 Quisquis
3374 2829 3636 2901 autem
3676 2825 3768 2901 de
3824 2824 4118 2899 familia

1235 2943 1456 3033 extra
1510 2958 1823 3032 domum
1861 2959 2205 3052 repertus
2256 2955 2479 3045 esset,
2518 2953 2662 3027 sibi
2701 2974 2877 3026 reus
2914 2954 3035 3026 est
3071 2952 3582 3027 constitutus:
3643 2952 3916 3027 docens
3959 2973 4112 3044 eOS,

1237 3085 1369 3180 qui
1425 3087 1644 3158 extra
1699 3084 2091 3158 ecclesiam
2148 3079 2496 3169 fuissent,
2554 3100 2866 3152 causam
2920 3077 3064 3151 sibi
3127 3078 3402 3152 mortis
3446 3077 3772 3152 futuros,
3812 3077 4117 3152 Hierico

1237 3211 1500 3284 autem
1537 3209 1617 3282 in
1654 3208 1884 3282 huius
1923 3205 2190 3279 mundi
2219 3204 2541 3300 speciem
2579 3202 2865 3298 posita:
2897 3225 3030 3276 sex
3061 3203 3328 3277 diebus
3367 3202 3753 3293 circuitur,
3795 3203 4118 3297 septimo

1237 3335 1335 3409 ad
1391 3357 1653 3411 vocem
1708 3334 1946 3410 tubae
2001 3333 2355 3423 concidit,
2415 3335 2494 3406 et
2551 3330 2820 3404 domus
2877 3330 3091 3404 Raab
3148 3352 3283 3426 per
3336 3329 3592 3406 Iesum
3649 3332 3949 3425 integra
4002 3351 4118 3403 re·

1237 3462 1612 3535 servatur.
1655 3458 1800 3533 Sex
1856 3458 2153 3531 milium
2210 3456 2415 3530 enim
2474 3477 2846 3557 annorum
2905 3454 2988 3527 in
3026 3476 3156 3529 sex
3196 3454 3459 3528 diebus
3496 3456 3799 3548 tempus
3867 3457 4121 3527 osten-

1237 3586 1469 3677 ditur,
1510 3608 1660 3681 quo
1701 3585 1897 3659 circa
1936 3584 2305 3657 mundum
2363 3585 2480 3657 est
2517 3582 2983 3672 oberratum,
3028 3584 3108 3655 et
3145 3580 3475 3676 quodam
3532 3581 4116 3675 generationum

1237 3712 1516 3787 circulo
1572 3711 2271 3800 circumcursatum,
2331 3709 2597 3785 eodem
2654 3710 2815 3804 ipso
2873 3706 3156 3782 mundo
3231 3707 3329 3779 ad
3392 3707 3631 3781 tubae
3706 3728 3969 3782 vocem
4035 3707 4119 3779 in

1236 3841 1580 3933 tempore
1618 3837 1940 3932 septimo
1999 3837 2403 3911 millesimo
2458 3833 2947 3911 resolvendo:
3007 3833 3169 3907 sola
3224 3832 3541 3906 ecclesia
3597 3854 3730 3926 per
3767 3832 4117 3929 explora-

1236 3966 1498 4037 torum
1551 3963 2131 4057 susceptionem,
2173 3983 2309 4057 per
2364 3961 2505 4035 Dei
2560 3962 2639 4033 in
2681 3982 2996 4055 corpore
3031 3959 3603 4050 confessionem,
3645 3979 3778 4052 per
3816 3957 4117 4052 signum

1238 4088 1518 4164 coccini
1574 4110 1707 4184 per
1760 4088 2014 4163 Iesum
2074 4087 2486 4177 decretum,
2545 4109 2716 4161 cum
2775 4087 2984 4160 omni
3042 4108 3182 4158 sua
3238 4083 3531 4157 familia
3585 4082 4061 4160 reservanda.

1398 4215 1955 4289 Admonuimus
2011 4214 2454 4309 frequenter
2510 4235 2680 4286 eam
2736 4211 3047 4287 lectioni
3087 4211 3518 4285 divinarum
3567 4211 4118 4306 scripturarum

1238 4346 1527 4415 mentem
1581 4339 1927 4414 adhiberi
1983 4342 2379 4435 oportere,
2440 4359 2635 4434 quae
2692 4336 3016 4412 sollicito
3073 4335 3419 4411 examine
3475 4339 3557 4409 et
3629 4335 3907 4410 iudicio
3963 4357 4118 4409 non

1239 4468 1451 4542 inani
1488 4470 1742 4564 posset
1779 4466 2226 4557 discernere,
2255 4465 2560 4562 quando
2599 4487 2858 4540 rerum
2896 4465 3290 4558 gestarum
3330 4463 3953 4537 commemoratio
3994 4462 4117 4538 vel

1240 4591 1682 4687 simpliciter
1738 4594 1937 4667 esset
1990 4590 2496 4686 intelligenda
2549 4589 2678 4663 vel
2728 4588 3027 4685 typice;
3085 4609 3182 4662 ne
3218 4587 3829 4681 intemperanter
3884 4587 4119 4681 atque

1242 4716 1592 4814 imperite
1631 4718 2000 4811 utroque3
2060 4718 2200 4789 aut
2256 4717 2671 4809 utrumque
2724 4713 3007 4808 inutile
3063 4712 3551 4787 audientibus
3605 4710 4116 4800 redderemus,

1239 4842 1304 4917 si
1358 4845 1500 4915 aut
1552 4841 2005 4936 simplicium
2046 4840 2379 4935 cognitio
2439 4839 2654 4912 inani
2682 4837 3422 4935 praefigurationum
3479 4837 3897 4912 assertione
3955 4858 4117 4912 cor-

1239 4969 1745 5066 rumperetur,
1805 4969 1944 5040 aut
1998 4965 2246 5040 virtus
2293 4963 3027 5061 praefigurationum
3066 4964 3208 5037 sub
3267 4963 3732 5059 simplicium.
3766 4961 4120 5058 opinione

1239 5092 1747 5189 ignoraretur.
1807 5090 2284 5185 Quamquam
2340 5089 2452 5162 ita
2505 5111 2584 5162 se
2640 5088 2945 5163 divinae
3010 5088 3433 5184 scripturae
3493 5107 3739 5160 sermo
3807 5086 4115 5176 habeat,

1245 5220 1334 5290 ut
1371 5221 1463 5291 ut
1496 5216 1689 5292 nihil
1728 5215 1881 5290 illic
1936 5216 2185 5305 inane,
2243 5214 2586 5309 nihilque
2624 5216 2838 5287 extra
2877 5235 3186 5287 causam
3235 5212 3554 5287 alicuius
3611 5211 4114 5300 necessitatis,

1241 5342 1433 5416 nihil
1460 5364 1616 5417 non
1643 5343 1785 5416 sub
1821 5342 2251 5416 discrimine
2280 5340 2828 5415 consectandae
2858 5363 2904 5412 a
2922 5330 2949 5372 ³
2975 5337 3196 5414 nobis
3226 5337 3792 5435 intelligentiae
3821 5337 4117 5412 editum

1407 5613 1423 5644 ¹
1461 5622 1732 5666 conexus
1772 5633 1846 5647 —
1886 5611 1909 5645 ¹
1942 5602 2188 5665 coccino
2228 5630 2301 5646 --
2344 5611 2366 5645 ³
2397 5600 2804 5675 consectanda
2844 5621 2935 5664 ea.
