4642 6650
777 755 812 778 u?

1476 771 1566 816 An
1613 769 1784 817 Loca
1831 769 2086 816 saxon
2135 769 2243 815 Au.
2290 775 2494 817 ass-sss
3339 752 3427 819 69

544 988 845 1063 bamus.
883 988 1087 1063 Nam
1124 987 1344 1062 duxit
1370 1009 1510 1062 nos
1539 988 1806 1063 statim
1837 987 1935 1062 ad
1963 988 2378 1088 ecclesiam,
2410 1010 2609 1084 quae
2639 991 2759 1062 est
2785 988 2990 1063 foras
3029 988 3426 1064 civitatem

546 1114 622 1187 in
683 1136 775 1190 eo
831 1114 1023 1205 1000,
1081 1113 1214 1187 ubi
1269 1095 1423 1188 fuit
1478 1113 1748 1188 domus
1803 1114 2051 1187 sancti
2088 1111 2470 1207 Abrahae,
2511 1113 2590 1187 id
2626 1117 2746 1188 est
2783 1115 2864 1187 in
2917 1114 3100 1209 ipsis
3156 1114 3430 1189 funda-

548 1239 853 1332 mentiS,
893 1242 976 1313 et
1014 1239 1107 1313 de
1144 1238 1307 1334 ipso
1344 1238 1621 1335 lapide,
1664 1241 1754 1312 1113
1789 1240 2051 1313 tamen
2091 1237 2397 1312 dicebat
2433 1240 2742 1313 sanctus
2781 1238 3197 1335 episcopus.
3237 1237 3428 1313 Cum

551 1385 729 1459 ergo
786 1364 1255 1439 venissemus
1309 1363 1391 1436 111
1443 1362 1609 1459 ipsa
1664 1363 1999 1452 ecclesia,
2066 1363 2273 1437 facta
2329 1366 2446 1438 est
2501 1363 2776 1455 orati0,
2834 1367 2918 1437 et
2969 1364 3215 1439 lectus
3269 1365 3429 1461 ipse

551 1486 761 1562 locus
792 1487 886 1563 de
926 1488 1239 1564 Genesi:
1270 1488 1518 1563 dictus
1558 1492 1678 1563 est
1714 1488 1951 1562 etiam
1988 1510 2186 1561 unus
2214 1487 2575 1584 psalmUS,
2616 1491 2697 1563 et
2726 1489 3007 1563 iterata
3036 1488 3427 1564 oratione:

551 1615 633 1685 et
688 1613 793 1687 sic
829 1613 1280 1692 benedicens
1315 1636 1455 1687 nos
1495 1614 1910 1709 episcopus,
1953 1612 2232 1708 egressi
2270 1636 2534 1688 sumus
2574 1613 2802 1688 foras,
2843 1613 3041 1688 Item
3071 1613 3430 1708 dignatus

550 1740 672 1811 est
726 1760 863 1813 nos
920 1737 1194 1832 ducere
1250 1738 1347 1812 ad
1383 1741 1705 1836 puteum
1742 1737 1989 1829 illum,
2034 1736 2232 1810 unde
2270 1739 2637 1834 portabat
2673 1762 2954 1835 aquam
2992 1741 3257 1814 sancta
3283 1739 3429 1814 Re·

550 1861 855 1938 beccha.
910 1862 1013 1937 Et
1066 1847 1182 1937 ait
1215 1863 1436 1938 nobis
1472 1864 1783 1938 sanctus
1840 1862 2272 1959 episcopus:
2325 1883 2493 1938 ecce
2528 1865 2836 1959 putem,
2873 1861 3075 1937 unde
3129 1862 3434 1958 potavit

509 1988 817 2061 ’88110138
870 1988 1209 2063 Rebecca
1262 1989 1591 2063 camelos
1646 1987 1864 2083 pueri
1900 1986 2147 2061 sancti
2183 1984 2560 2079 Abrahae,
2600 1987 2678 2060 id
2714 1989 2833 2062 est
2867 1986 3214 2061 Eleazari
3242 1976 3308 2076 ι;
3349 1988 3435 2060 et

551 2111 858 2207 singula
893 2113 1009 2188 ita
1045 2115 1265 2189 nobis
1304 2115 1768 2211 dignabatur
1806 2114 2226 2189 ostendere.
2267 2113 2466 2187 Nam
2497 2112 2831 2205 ecclesia,
2862 2136 3096 2210 quam
3132 2112 3290 2187 dixi
3317 2113 3431 2188 fo-

550 2258 677 2309 ras
705 2236 1126 2330 civitatem,
1159 2237 1512 2314 dominae
1547 2259 1842 2312 sorores
1880 2237 2376 2326 venerabiles,
2416 2237 2550 2311 ubi
2586 2237 2738 2312 fuit
2774 2237 3130 2334 primitus
3166 2237 3433 2312 domus

551 2357 934 2453 Abrahae,
964 2385 1168 2438 nunc
1205 2367 1284 2439 et
1310 2363 1774 2460 martyrium
1812 2363 1917 2436 ibi
1955 2362 2291 2458 positum
2330 2365 2470 2452 est,
2501 2360 2578 2435 id
2615 2365 2734 2436 est
2760 2361 3004 2436 sancti
3039 2361 3433 2437 cuiusdam

551 2487 904 2561 monachi
957 2490 1267 2563 nomine
1296 2488 1652 2584 Helpidii.
1692 2486 1855 2561 Hoc
1892 2488 2154 2561 autem
2191 2486 2411 2560 nobis
2448 2486 2636 2560 satis
2674 2490 2980 2583 gratum
3019 2487 3299 2577 evenit,
3345 2489 3434 2560 1113

551 2610 795 2706 pridie
849 2613 1309 2708 martyrium
1364 2612 1485 2687 die
1542 2613 1649 2686 ibi
1685 2612 2142 2702 veniremus,
2200 2611 2279 2685 id
2329 2614 2449 2687 est
2502 2610 2749 2685 sancti
2802 2611 3038 2706 ipsius
3074 2610 3430 2708 Helpidii,

550 2756 754 2810 nono
783 2736 939 2811 kal.
969 2736 1211 2810 maias
1236 2727 1296 2810 ²:
1329 2735 1428 2809 ad
1465 2758 1697 2832 quam
1736 2735 1932 2810 diem
1972 2755 2274 2810 necesse
2301 2734 2456 2809 fuit
2489 2734 2823 2831 undique
2850 2739 2932 2809 et
2959 2735 3053 2809 de
3081 2735 3434 2809 omnibus

558 2859 1151 2957 Mesopotamiae
1180 2860 1459 2936 finibus
1496 2880 1758 2935 omnes
1797 2860 2205 2934 monachos
2242 2860 2323 2933 in
2361 2859 2648 2934 Charra
2684 2857 3155 2950 descendere,
3195 2860 3433 2934 etiam

553 2985 637 3057 et
688 2984 862 3059 illos
915 2986 1268 3078 111810188,
1326 2987 1459 3082 qui
1513 2986 1592 3058 in
1647 2983 2060 3060 solitudine
2114 2983 2508 3074 sedebant,
2557 3006 2745 3080 quos
2799 2983 3072 3058 ascites
3125 2987 3429 3074 vocant,

555 3128 690 3202 per
744 3107 945 3184 diem
1001 3110 1272 3206 ipsum,
1341 3110 1472 3205 qui
1526 3110 1636 3184 ibi
1690 3110 1877 3184 satis
1931 3109 2328 3206 granditer
2353 3100 2381 3142 ³
2436 3109 2893 3199 attenditur,
2957 3112 3041 3182 et
3119 3112 3433 3205 propter

555 3232 1001 3307 memoriam
1038 3234 1286 3309 sancti
1324 3234 1704 3324 Abrahae,
1745 3234 1928 3330 quia
1966 3233 2233 3308 domus
2271 3213 2508 3329 ipsius
2545 3232 2718 3324 fuit,
2753 3233 2890 3306 'ubi
2943 3254 3147 3307 nunc
3200 3233 3433 3309 eccle·

556 3355 673 3431 sia
725 3361 867 3451 est,
924 3360 1008 3433 in
1061 3382 1215 3455 qua
1269 3361 1608 3455 positum
1647 3362 1765 3435 est
1815 3380 2084 3455 corpus
2139 3358 2376 3453 ipsius
2424 3361 2669 3433 sancti
2721 3358 3105 3457 martyris.
3160 3357 3435 3454 Itaque

554 3504 734 3579 ergo
790 3484 936 3559 hoc
987 3485 1206 3559 nobis
1261 3486 1471 3560 ultra
1526 3507 1734 3581 spem
1789 3487 2010 3580 grate
2047 3484 2235 3558 satis
2293 3484 2574 3575 evenit,
2615 3487 2707 3558 ut
2760 3487 3062 3559 sanctos
3117 3487 3200 3577 et
3255 3505 3435 3561 vere

555 3608 903 3683 homines
930 3609 1072 3684 Dei
1109 3610 1519 3684 monachos
1554 3611 2216 3704 mesopotamenos
2252 3608 2362 3682 ibi
2398 3608 2869 3685 videremus:
2909 3609 3146 3684 etiam
3174 3611 3254 3683 et
3282 3629 3434 3698 808,

556 3755 883 3828 quorum
940 3735 1146 3809 fama
1199 3735 1321 3812 vel
1377 3735 1544 3811 vita
1579 3735 1805 3830 longe
1843 3733 2336 3825 audiebatur,
2378 3757 2566 3830 quos
2602 3737 2865 3809 tamen
2918 3756 3074 3808 non
3127 3734 3435 3808 estima-

554 3857 732 3932 bam
770 3879 891 3932 me
928 3860 1233 3955 penitus
1272 3880 1490 3955 posse
1525 3858 1807 3934 videre.
1848 3857 2022 3932 Non
2061 3859 2243 3954 quia
2283 3859 2723 3955 inpossibile
2760 3861 2962 3933 esset
3000 3859 3159 3933 Deo
3200 3859 3437 3933 etiam

554 3986 638 4057 813
690 3984 834 4059 1100
885 3988 1228 4079 prestare
1284 3986 1535 4075 michi,
1596 3983 1731 4080 qui
1788 3985 2047 4058 omnia
2110 3986 2455 4080 prestare
2513 3983 3014 4080 dignabatur;
3071 3984 3201 4058 sed
3256 3984 3439 4080 quia

555 4110 951 4187 audieram
978 4132 1129 4203 eos,
1170 4133 1260 4187 eo
1297 4111 1502 4207 quod
1537 4112 1759 4185 extra
1796 4109 1997 4184 diem
2036 4110 2382 4204 paschae,
2413 4113 2495 4184 et
2531 4112 2753 4183 extra
2791 4108 2990 4184 diem
3026 4109 3247 4200 hanc,
3280 4131 3436 4183 non

555 4256 686 4310 eos
741 4235 1192 4311 descendere
1244 4235 1338 4311 de
1391 4234 1576 4309 10018
1629 4234 1831 4309 suis:
1889 4236 2256 4330 quoniam
2310 4235 2507 4309 tales
2561 4236 2768 4324 8111113,
2820 4237 2918 4335 Ι1113
2971 4236 3053 4308 813
3106 4233 3438 4310 virtutes

555 4352 844 4434 faciant
896 4358 1208 4450 1111111388,
1264 4361 1347 4433 813
1399 4356 1762 4454 quoniam
1818 4356 2268 4450 nesciebam,
2309 4378 2461 4452 quo
2498 4377 2757 4432 mense
2800 4347 2811 4457 Ι
2850 4358 3050 4432 888813
3104 4355 3262 4432 (1188
3314 4355 3439 4431 1110
3491 4388 3562 4446 52

555 4746 780 4791 versus
806 4726 874 4788 in
902 4726 1185 4807 patriam,
1214 4726 1365 4790 Vito
1393 4725 1716 4805 successit,
1745 4732 1811 4789 et
1848 4725 2065 4788 urbem
2104 4724 2343 4788 veteris
2385 4723 2850 4805 superstitionis
2891 4723 3064 4787 cultu
3087 4723 3217 4789 late
3242 4725 3438 4804 inqui-

565 4822 775 4889 natam
818 4845 1162 4907 expurgare
1199 4826 1464 4889 maxime
1503 4824 1748 4888 studuit
1792 4823 2121 4907 (Theodor.
2162 4825 2245 4887 H.
2286 4824 2365 4886 R.
2407 4845 2459 4886 0.
2505 4824 2627 4906 17).
2668 4824 2829 4887 Uter
2882 4823 3286 4904 Peregrinam
3340 4844 3437 4888 ex·

557 4924 809 5005 ceperit,
851 4924 1154 4987 incertum
1196 4931 1311 4987 est.

719 5021 737 5057 ¹
768 5022 1008 5084 Nomen
1048 5023 1234 5099 servi,
1276 5041 1459 5101 quem
1500 5020 1674 5084 misit
1713 5020 2047 5101 Abraham,
2090 5021 2396 5101 scriptura
2434 5040 2559 5082 non
2597 5020 2795 5083 refert
2836 5019 3014 5102 (Gen.
3058 5020 3305 5099 XXIV,
3348 5023 3433 5102 2).

556 5119 1004 5182 Tantummodo
1048 5140 1125 5182 ex
1162 5120 1359 5183 villici
1400 5119 1619 5201 officio,
1648 5140 1767 5198 quo
1793 5118 1904 5180 ille
1931 5119 2096 5198 apud
2124 5119 2433 5181 dominum
2462 5139 2641 5181 suum
2667 5119 3056 5199 fungebatur,
3088 5119 3431 5199 Peregrina

553 5238 679 5280 non
717 5217 1023 5279 immerito
1063 5216 1326 5279 coniecit
1363 5236 1588 5277 nomen
1629 5216 1689 5278 ei
1728 5206 1928 5277 fuisse
1969 5216 2268 5277 Eleazari.
2484 5274 2493 5283 ,

715 5314 740 5352 ²
766 5316 982 5393 Neque
1022 5314 1089 5375 in
1128 5321 1259 5377 toto
1303 5333 1489 5394 opere
1531 5313 1957 5391 Bollandiano,
1998 5334 2196 5392 neque
2224 5314 2290 5375 in
2313 5313 2528 5376 latinis
2569 5313 2931 5392 graecisque
2970 5313 3435 5394 hagiographiS,

557 5431 758 5491 neque
798 5412 862 5473 111
903 5411 1164 5491 syriacis
1202 5411 1585 5472 kalendariis
1624 5430 1847 5472 nomen
1884 5410 1987 5472 vel
2029 5411 2366 5490 vestigium
2393 5411 2639 5491 repperi
2667 5411 2867 5472 sancti
2908 5410 3191 5491 Helpidii
3230 5432 3436 5473 mona-

563 5510 664 5575 chi
706 5516 772 5573 813
811 5509 1208 5589 confessoris,
1237 5509 1412 5572 cuius
1438 5508 1671 5573 festum
1698 5509 1764 5571 in
1790 5508 1957 5572 diem
1982 5528 2210 5571 nonum
2248 5510 2395 5572 Kal.
2423 5510 2617 5573 maias
2645 5509 2976 5571 incidebat.

721 5608 746 5646 ³
775 5608 924 5673 Cod.
964 5612 1197 5690 prandi
1237 5613 1373 5671 iter.
