4642 6650
1154 764 1242 830 60
2132 782 2186 826 s.
2234 782 2499 826 summ
2547 781 3038 827 panneamnm

1156 1002 1428 1095 facere,
1489 1000 1948 1096 ubicumque
2005 1000 2102 1074 ad
2156 1001 2324 1076 loca
2379 1002 2645 1075 sancta
2683 1001 3217 1076 veniebamus:
3259 1000 3372 1073 ita
3419 1005 3501 1075 et
3543 1002 3649 1076 ibi
3686 1002 4029 1078 fecimus

1155 1127 1357 1200 Illud
1415 1127 1652 1201 etiam
1705 1126 2079 1223 presbiter
2133 1129 2442 1202 sanctus
2499 1126 2693 1200 dixit
2746 1127 3004 1201 nobis:
3064 1150 3154 1201 eo
3212 1127 3417 1224 quod
3452 1150 3694 1224 usque
3758 1129 3838 1202 in
3894 1130 4033 1202 ho·

1158 1252 1422 1324 dierna
1477 1251 1598 1325 die
1652 1273 1948 1347 semper
2002 1254 2177 1325 cata
2233 1251 2511 1347 pascha
2586 1251 3043 1347 quicumque
3115 1255 3369 1326 essent
3440 1251 3884 1348 baptizandi
3951 1252 4031 1325 in

1160 1376 1320 1471 ipso
1353 1376 1519 1450 vico
1542 1368 1589 1464 ¹,
1619 1375 1696 1448 id
1726 1377 1955 1449 estin
1984 1376 2320 1467 ecclesia,
2358 1399 2503 1471 que
2536 1377 2969 1473 appellatur
2998 1400 3148 1474 opu
3169 1378 3738 1468 Melchisedech,
3771 1400 4032 1454 omnes

1157 1501 1238 1574 in
1292 1502 1454 1597 ipso
1509 1500 1723 1575 fonte
1781 1501 2394 1597 baptizarentur:
2435 1502 2540 1576 sic
2579 1503 2918 1577 redirent
2957 1505 3258 1576 mature
3315 1502 3413 1575 ad
3470 1502 3820 1578 candelas
3860 1525 4033 1577 cum

1159 1625 1443 1700 clericis
1499 1629 1580 1699 et
1633 1627 2021 1700 monachis
2070 1627 2386 1702 dicendo
2423 1628 2752 1723 psalmos
2791 1628 2913 1704 vel
2957 1628 3435 1724 antiphonaS,
3476 1631 3558 1702 et
3593 1629 3699 1702 sic
3734 1651 3781 1702 a
3816 1627 4029 1701 fonte

1159 1774 1398 1847 usque
1437 1750 1533 1824 ad
1573 1751 1968 1827 ecclesiam
2005 1754 2248 1827 sancti
2287 1753 2860 1844 Melchisedech,
2902 1753 3458 1829 deducerentur
3513 1757 3814 1827 mature
3871 1775 4030 1827 om-

1157 1899 1315 1967 neS,
1348 1876 1479 1971 qui
1535 1876 1860 1951 fuissent
1914 1877 2309 1973 baptizati.
2368 1878 2526 1953 Nos
2584 1902 2764 1974 ergo
2803 1880 3258 1976 accipientes
3299 1880 3390 1954 de
3426 1880 3847 1976 presbitero
3904 1901 4031 1953 eu-

1159 2003 1426 2097 logiaS,
1466 2000 1546 2074 id
1583 2005 1701 2076 est
1756 2001 1846 2076 de
1905 2003 2246 2098 pomario
2304 2005 2549 2078 sancti
2600 2004 2959 2079 Iohannis
2998 2005 3402 2102 baptistae,
3433 2004 3788 2078 similiter
3823 2006 3908 2078 et
3942 2003 4034 2078 de

1160 2128 1439 2201 sanctis
1493 2127 1905 2219 monachis,
1966 2128 2098 2223 qui
2152 2128 2263 2202 ibi
2317 2130 2786 2205 monasteria
2840 2131 3232 2204 habebant
3285 2130 3368 2204 in
3423 2131 3585 2226 ipso
3640 2129 3867 2203 horto
3904 2150 4033 2224 po·

1159 2251 1427 2338 mari0,
1459 2254 1540 2325 et
1579 2250 1866 2346 gratias
1895 2274 2192 2349 semper
2228 2253 2392 2328 Deo
2432 2259 2770 2350 agentes,
2811 2255 3132 2351 profecti
3169 2271 3432 2329 sumus
3470 2257 3621 2328 iter
3657 2257 4030 2343 nostrum,

1165 2397 1315 2470 quo
1372 2376 1694 2451 ibamus,

1317 2500 1427 2576 Ac
1480 2502 1587 2576 sic
1639 2524 1820 2598 ergo
1875 2506 2142 2579 euntes
2198 2505 2644 2601 aliquandiu
2699 2529 2830 2602 per
2899 2506 3182 2581 vallem
3246 2506 3589 2580 Iordanis
3645 2526 3872 2601 super
3925 2504 4028 2578 ri-

1158 2650 1335 2722 pam
1390 2628 1726 2702 fluminis
1781 2629 2040 2724 ipsius,
2081 2630 2261 2726 quia
2300 2631 2408 2704 ibi
2445 2631 2664 2704 nobis
2702 2634 2854 2705 iter
2908 2635 3076 2707 erat
3130 2631 3600 2727 aliquandiu,
3644 2630 3740 2703 ad
3777 2629 4033 2704 subito

1158 2754 1489 2828 vidimus
1544 2754 1940 2829 civitatem
1995 2756 2241 2829 sanct-i
2296 2758 2714 2852 prophetae
2768 2756 3056 2846 Heliae,
3114 2756 3193 2829 id
3248 2760 3367 2830 est
3422 2746 3773 2845 Thesbe²,
3834 2755 4035 2830 unde

1157 2878 1287 2953 ille
1342 2880 1618 2954 habuit
1670 2902 1949 2955 nomen
2003 2880 2262 2955 Helias
2312 2881 2711 2956 thesbites,
2752 2882 2951 2956 Inibi
2991 2885 3111 2955 est
3165 2903 3344 2977 ergo
3399 2903 3639 2976 usque
3676 2881 3756 2954 in
3811 2881 4036 2955 hodie

1160 3006 1541 3101 spelunca,
1607 3006 1688 3078 in
1753 3029 1905 3102 qua
1969 3007 2170 3080 sedit
2233 3007 2393 3102 ipse
2457 3011 2794 3097 sanctus,
2863 3011 2943 3082 et
3005 3008 3115 3082 ibi
3178 3011 3295 3082 est
3359 3009 3727 3081 memoria
3792 3007 4036 3081 sancti

1089 3181 1094 3186 -
1166 3131 1483 3218 Gethae,
1523 3132 1737 3206 cuius
1775 3153 2054 3207 nomen
2091 3132 2172 3205 in
2225 3132 2440 3206 libris
2478 3132 2823 3207 Indicum
2864 3132 3188 3228 legimus
3219 3123 3268 3206 ³.
3310 3132 3419 3207 Ac
3456 3134 3560 3206 sic
3596 3153 3775 3226 ergo
3812 3134 3891 3206 et
3930 3130 4036 3204 ibi

1159 3258 1448 3354 gratias
1475 3257 1635 3333 Deo
1667 3261 1980 3354 agentes
2018 3259 2236 3333 iuxta
2266 3258 2914 3349 consuetudinem,
2947 3257 3449 3355 perexivimus
3478 3257 3629 3332 iter
3654 3260 4029 3331 nostrum.

1165 3384 1364 3458 Item
1419 3386 1689 3457 euntes
1748 3385 1826 3456 in
1882 3404 1972 3458 eo
2029 3383 2305 3458 itinere
2361 3383 2693 3460 vidimus
2749 3385 3030 3459 vallem
3086 3383 3177 3457 de
3237 3383 3547 3456 sinistro
3619 3381 3838 3456 nobis
3904 3403 4031 3455 ve-

1159 3511 1499 3584 nientem
1556 3510 2143 3597 amenissimam‚
2176 3531 2377 3606 quae
2433 3510 2656 3586 vallis
2711 3513 2882 3584 erat
2938 3512 3200 3602 ingens
3259 3509 3571 3582 mittens
3611 3510 4035 3582 torrentem

1160 3635 1242 3708 in
1297 3634 1700 3710 Iordanem
1755 3635 2170 3709 infinitum:
2221 3638 2301 3709 et
2356 3635 2462 3709 ibi
2528 3637 2607 3708 in
2662 3637 2827 3732 ipsa
2880 3637 3081 3710 valle
3121 3635 3449 3709 vidimus
3484 3632 4035 3708 monasterium

1159 3758 1551 3833 cuiusdam
1608 3759 1870 3834 fratris
1908 3780 2111 3834 nunc
2148 3760 2226 3832 id
2265 3762 2384 3834 est
2422 3760 2795 3834 monachi.
2847 3760 3059 3834 Tunc
3096 3781 3278 3854 ergo
3317 3781 3480 3855 ego,
3515 3761 3606 3832 ut
3642 3781 3812 3831 sum
3848 3758 4035 3831 satis

1158 3883 1479 3973 curiosa,
1535 3883 1923 3980 requirere
1980 3885 2164 3980 cepi,
2206 3905 2403 3979 quae
2440 3887 2638 3958 esset
2675 3883 2864 3959 haec
2926 3884 3173 3974 vallis,
3215 3884 3347 3957 ubi
3410 3886 3719 3958 sanctus
3774 3904 4038 3956 mona-

1157 4006 1343 4081 chus
1395 4030 1598 4081 nunc
1652 4008 2209 4082 monasterium
2264 4007 2408 4081 sibi
2461 4006 2798 4082 fecisset:
2839 4030 2994 4082 non
3033 4008 3235 4080 enim
3288 4007 3660 4102 putabam
3697 4007 3839 4080 hoc
3876 4006 4037 4080 sine

1159 4154 1389 4206 causa
1416 4153 1596 4207 esse.
1638 4132 1848 4207 Tunc
1887 4132 2244 4207 dixerunt
2280 4133 2498 4207 nobis
2537 4132 2807 4222 sancti,
2850 4132 2981 4228 qui
3008 4133 3403 4207 nobiscum
3441 4133 3593 4204 iter
3624 4130 4031 4219 faciebant,

1158 4257 1238 4331 id
1292 4258 1410 4332 e'st
1444 4258 1592 4332 loci
1629 4261 1962 4332 notores:
2020 4258 2205 4333 haec
2243 4261 2363 4332 est
2402 4259 2623 4333 vallis
2662 4257 2893 4333 Corra
2922 4249 2972 4350 ⁴,
3005 4258 3137 4332 ubi
3194 4257 3392 4332 sedit
3429 4261 3736 4331 sanctus
3774 4255 4037 4329 Helias

1316 4447 1336 4485 ¹
1367 4448 1668 4529 Tempore
1710 4449 2005 4529 paschali,
2035 4449 2138 4512 die
2169 4452 2426 4513 sabbato
2457 4458 2690 4530 sancte,
2721 4471 2796 4512 ex
2822 4450 3023 4512 veteri
3050 4469 3221 4511 more
3249 4448 3583 4525 Ecclesiae,
3614 4443 4036 4509 catechumeni

1152 4548 1527 4609 necessariis
1567 4547 1717 4610 fidei
1757 4549 2067 4628 capitibus
2108 4548 2424 4611 informati
2466 4549 2955 4628 baptizabantur.

1314 4643 1338 4680 ²
1367 4644 1547 4706 Vidit
1587 4645 1905 4707 civitatem
1947 4645 2234 4708 Thesben
2261 4653 2438 4708 trans
2470 4648 2798 4709 Iordanem
2824 4647 2891 4708 in
2918 4646 3172 4727 regione
3202 4643 3440 4708 Galaad
3480 4645 3608 4726 (111
3643 4643 3803 4723 Reg.
3849 4643 3943 4722 17,
3974 4643 4037 4723 1)

1151 4760 1277 4803 non
1316 4741 1520 4820 longe,
1562 4749 1633 4804 ut
1675 4762 1752 4805 ex
1790 4743 1930 4822 ipsa
1966 4744 2318 4805 narratione
2362 4752 2624 4821 constat,
2667 4767 2705 4807 a
2746 4745 2956 4807 Salim.

1312 4840 1337 4877 ³
1362 4841 1681 4918 Memoria,
1703 4841 1769 4902 id
1793 4849 1891 4904 est
1915 4844 2278 4923 sepulcrum,
2309 4845 2509 4906 sancti
2538 4845 2809 4907 Gethae:
2837 4845 3011 4906 cuius
3033 4842 3301 4906 nominis
3327 4862 3406 4905 ne
3427 4840 3764 4919 vestigium
3790 4838 4041 4919 quidem

1152 4939 1220 5000 in
1259 4939 1417 5001 libro
1459 4940 1761 5017 Indicum,
1790 4962 1990 5019 neque
2018 4943 2084 5003 in
2112 4943 2339 5004 ceteris
2366 4942 2546 5005 libris
2576 4944 2811 5005 sanctis
2838 4942 3164 5022 reperitur.
3193 4942 3290 5002 De
3314 4940 3572 5003 Gedeon
3599 4938 3889 5001 arbitrari
3914 4958 4040 4999 non

1154 5057 1502 5116 possumne,
1544 5059 1728 5116 quum
1770 5040 2051 5118 sepultus
2081 5048 2252 5103 esset
2278 5042 2342 5102 in
2375 5042 2652 5120 Ephrata
2682 5041 2902 5123 (Iudic.
2933 5041 3285 5123 V111,233):
3316 5039 3429 5102 sed
3469 5038 3677 5118 potius
3708 5037 3786 5100 de
3818 5036 4042 5115 Iephte

1153 5137 1491 5215 putandum
1533 5146 1649 5213 est,
1692 5139 1798 5216 qui
1833 5162 1864 5197 ‹
1886 5148 2164 5201 mortuus
2194 5148 2293 5201 est
2320 5151 2386 5202 et
2416 5142 2699 5219 sepultus
2726 5141 2794 5202 in
2824 5140 3078 5203 civitate
3109 5160 3225 5202 sua
3252 5139 3492 5201 Galaad
3514 5162 3546 5197 ›
3579 5136 3740 5218 (Iud.
3772 5136 3925 5212 XII,
3956 5136 4040 5214 7).

1155 5233 1393 5295 Galaad
1434 5235 1682 5312 quidem
1724 5256 1847 5297 non
1886 5235 2010 5297 fuit
2049 5237 2272 5299 civitas
2316 5238 2430 5299 sed
2469 5239 2672 5316 regio;
2715 5238 2961 5300 Thesbe
3003 5244 3226 5314 autem,
3269 5236 3348 5298 de
3389 5257 3509 5314 qua
3548 5236 3774 5313 agitur,
3816 5232 4042 5295 civitas

1151 5331 1221 5392 in
1258 5332 1512 5410 regione
1553 5333 1810 5396 Galaad.
1853 5335 2036 5396 Adde
2078 5335 2242 5413 quod
2281 5336 2348 5395 in
2388 5332 2726 5415 Florilegio
2771 5337 2939 5398 edito
2983 5353 3061 5396 ex
3090 5335 3240 5398 cod.
3280 5333 3606 5397 Oasinensi
3648 5351 3808 5394 saec.
3850 5330 4041 5392 1X·X

1158 5429 1351 5511 (Bibl.
1396 5430 1603 5492 Oasin.
1647 5433 1699 5508 1,
1742 5453 1881 5511 pag.
1926 5434 2029 5513 94)
2074 5435 2373 5512 scriptum
2415 5441 2545 5495 est:
2593 5457 2624 5492 ‹
2650 5434 2829 5497 Iethe
2872 5433 3064 5496 iudex
3103 5434 3360 5495 Israel»
3403 5454 3514 5513 pro
3557 5430 3798 5510 Iephte.

1308 5527 1335 5564 ⁴
1365 5528 1599 5590 Chorra
1619 5536 1864 5592 torrens
1894 5529 2090 5612 (hebr.
2128 5533 2392 5613 Carith),
2423 5531 2501 5594 de
2530 5552 2647 5610 quo
2672 5532 2845 5594 Elias
2868 5553 3085 5611 aquam
3112 5532 3366 5594 bibebat
3390 5531 3571 5612 (Reg.
3594 5529 3717 5608 ΠΙ,
3750 5528 3845 5604 17,
3865 5547 3927 5589 v.
3955 5526 4042 5608 4).

1154 5626 1386 5687 Euseb.
1413 5625 1478 5686 in
1505 5647 1563 5687 v.
1596 5631 1817 5721 Χορῥά,
1848 5637 1913 5690 et
1940 5628 2300 5708 Hieronym.
2330 5654 2362 5689 ‹
2388 5630 2660 5692 Chorath
2690 5638 2932 5693 torrens
2964 5639 3134 5692 trans
3162 5630 3522 5705 Iordanem,
3554 5628 3618 5689 in
3646 5649 3763 5706 quo
3795 5629 4045 5688 abscon-
