<?xml version="1.0" encoding="UTF-8"?>
<!DOCTYPE html PUBLIC "-//W3C//DTD XHTML 1.0 Transitional//EN"
    "http://www.w3.org/TR/xhtml1/DTD/xhtml1-transitional.dtd">
<html xmlns="http://www.w3.org/1999/xhtml" xml:lang="en" lang="en">
 <head>
  <title>
</title>
<meta http-equiv="Content-Type" content="text/html;charset=utf-8" />
  <meta name='ocr-system' content='tesseract 3.04.00' />
  <meta name='ocr-capabilities' content='ocr_page ocr_carea ocr_par ocr_line ocrx_word'/>
</head>
<body>
  <div class='ocr_page' id='page_1' title='image "./shilariitractat01petrgoog_0033.png"; bbox 0 0 4642 6650; ppageno 0'>
   <div class='ocr_carea' id='block_1_1' title="bbox 1439 786 3482 836">
    <p class='ocr_par' dir='ltr' id='par_1_1' title="bbox 1439 786 3482 836">
     <span class='ocr_line' id='line_1_1' title="bbox 1439 786 3482 836; baseline -0 -1"><span class='ocrx_word' id='word_1_1' title='bbox 1439 790 1530 835; x_wconf 82' lang='lat' dir='ltr'>IV.</span> <span class='ocrx_word' id='word_1_2' title='bbox 1575 790 1666 836; x_wconf 70' lang='lat' dir='ltr'>DE</span> <span class='ocrx_word' id='word_1_3' title='bbox 1711 787 2018 834; x_wconf 65' lang='lat' dir='ltr'>&#39;rmss’omss</span> <span class='ocrx_word' id='word_1_4' title='bbox 2066 786 2655 835; x_wconf 73' lang='lat' dir='ltr'>PEREGRmA‘noms</span> <span class='ocrx_word' id='word_1_5' title='bbox 3295 786 3482 834; x_wconf 82' lang='lat' dir='ltr'>xxvu</span> 
     </span>
    </p>
   </div>
   <div class='ocr_carea' id='block_1_2' title="bbox 1974 1294 2105 1369">
    <p class='ocr_par' dir='ltr' id='par_1_2' title="bbox 1974 1294 2105 1369">
     <span class='ocr_line' id='line_1_2' title="bbox 1974 1294 2105 1369; baseline 0.008 -1"><span class='ocrx_word' id='word_1_6' title='bbox 1974 1294 2105 1369; x_wconf 91' lang='lat' dir='ltr'>IV.</span> 
     </span>
    </p>
   </div>
   <div class='ocr_carea' id='block_1_3' title="bbox 1260 1572 2846 1644">
    <p class='ocr_par' dir='ltr' id='par_1_3' title="bbox 1260 1572 2846 1644">
     <span class='ocr_line' id='line_1_3' title="bbox 1260 1572 2846 1644; baseline -0.001 -1"><span class='ocrx_word' id='word_1_7' title='bbox 1260 1574 1379 1643; x_wconf 89' lang='lat' dir='ltr'>DE</span> <span class='ocrx_word' id='word_1_8' title='bbox 1431 1572 1890 1643; x_wconf 89' lang='lat' dir='ltr'><strong>TEMPORE</strong></span> <span class='ocrx_word' id='word_1_9' title='bbox 1944 1573 2846 1644; x_wconf 89' lang='lat' dir='ltr'>PEREGRINATIONIS.</span> 
     </span>
    </p>
   </div>
   <div class='ocr_carea' id='block_1_4' title="bbox 608 1867 3592 5275">
    <p class='ocr_par' dir='ltr' id='par_1_4' title="bbox 609 1867 3484 2400">
     <span class='ocr_line' id='line_1_4' title="bbox 769 1867 3484 1966; baseline 0 -23"><span class='ocrx_word' id='word_1_10' title='bbox 769 1867 917 1943; x_wconf 86' lang='lat' dir='ltr'>Sed</span> <span class='ocrx_word' id='word_1_11' title='bbox 971 1870 1123 1943; x_wconf 91' lang='lat' dir='ltr'>iam</span> <span class='ocrx_word' id='word_1_12' title='bbox 1180 1890 1333 1965; x_wconf 92' lang='lat' dir='ltr'>quo</span> <span class='ocrx_word' id='word_1_13' title='bbox 1386 1871 1732 1965; x_wconf 90' lang='lat' dir='ltr'>tempore</span> <span class='ocrx_word' id='word_1_14' title='bbox 1785 1868 1973 1944; x_wconf 90' lang='lat' dir='ltr'>haec</span> <span class='ocrx_word' id='word_1_15' title='bbox 2029 1868 2544 1966; x_wconf 75' lang='lat' dir='ltr'>peregrinatio</span> <span class='ocrx_word' id='word_1_16' title='bbox 2600 1868 2699 1943; x_wconf 91' lang='lat' dir='ltr'>ad</span> <span class='ocrx_word' id='word_1_17' title='bbox 2753 1870 2921 1943; x_wconf 88' lang='lat' dir='ltr'>loca</span> <span class='ocrx_word' id='word_1_18' title='bbox 2959 1872 3224 1944; x_wconf 91' lang='lat' dir='ltr'>sancta</span> <span class='ocrx_word' id='word_1_19' title='bbox 3278 1869 3484 1945; x_wconf 82' lang='lat' dir='ltr'>facta</span> 
     </span>
     <span class='ocr_line' id='line_1_5' title="bbox 609 2012 3481 2110; baseline 0 -23"><span class='ocrx_word' id='word_1_20' title='bbox 609 2012 710 2087; x_wconf 87' lang='lat' dir='ltr'>sit</span> <span class='ocrx_word' id='word_1_21' title='bbox 764 2034 1040 2109; x_wconf 80' lang='lat' dir='ltr'>operae</span> <span class='ocrx_word' id='word_1_22' title='bbox 1095 2012 1477 2110; x_wconf 91' lang='lat' dir='ltr'>praetium</span> <span class='ocrx_word' id='word_1_23' title='bbox 1535 2017 1655 2088; x_wconf 89' lang='lat' dir='ltr'>est</span> <span class='ocrx_word' id='word_1_24' title='bbox 1706 2013 2225 2110; x_wconf 74' lang='lat' dir='ltr'>pervestigare</span> <span class='ocrx_word' id='word_1_25' title='bbox 2247 2034 2277 2087; x_wconf 74' lang='grc' dir='ltr'>ε,</span> <span class='ocrx_word' id='word_1_26' title='bbox 2324 2036 2520 2109; x_wconf 91' lang='lat' dir='ltr'>quae</span> <span class='ocrx_word' id='word_1_27' title='bbox 2558 2014 2776 2089; x_wconf 91' lang='lat' dir='ltr'>nobis</span> <span class='ocrx_word' id='word_1_28' title='bbox 2812 2035 2978 2088; x_wconf 89' lang='lat' dir='ltr'>rem</span> <span class='ocrx_word' id='word_1_29' title='bbox 3015 2015 3323 2109; x_wconf 87' lang='lat' dir='ltr'>planam</span> <span class='ocrx_word' id='word_1_30' title='bbox 3369 2014 3481 2088; x_wconf 87' lang='lat' dir='ltr'>fa·</span> 
     </span>
     <span class='ocr_line' id='line_1_6' title="bbox 610 2156 3481 2254; baseline -0.001 -22"><span class='ocrx_word' id='word_1_31' title='bbox 610 2157 839 2249; x_wconf 84' lang='lat' dir='ltr'>ciant,</span> <span class='ocrx_word' id='word_1_32' title='bbox 875 2161 1332 2254; x_wconf 92' lang='lat' dir='ltr'>argumenta</span> <span class='ocrx_word' id='word_1_33' title='bbox 1385 2179 1541 2232; x_wconf 92' lang='lat' dir='ltr'>non</span> <span class='ocrx_word' id='word_1_34' title='bbox 1596 2158 2001 2248; x_wconf 88' lang='lat' dir='ltr'>habemus;</span> <span class='ocrx_word' id='word_1_35' title='bbox 2061 2156 2191 2233; x_wconf 89' lang='lat' dir='ltr'>sed</span> <span class='ocrx_word' id='word_1_36' title='bbox 2250 2157 2629 2254; x_wconf 84' lang='lat' dir='ltr'>quaedam</span> <span class='ocrx_word' id='word_1_37' title='bbox 2667 2158 2762 2232; x_wconf 85' lang='lat' dir='ltr'>ad</span> <span class='ocrx_word' id='word_1_38' title='bbox 2804 2158 3234 2248; x_wconf 85' lang='lat' dir='ltr'>veritatem,</span> <span class='ocrx_word' id='word_1_39' title='bbox 3282 2160 3481 2232; x_wconf 89' lang='lat' dir='ltr'>tam-</span> 
     </span>
     <span class='ocr_line' id='line_1_7' title="bbox 611 2286 2752 2400; baseline -0 -24"><span class='ocrx_word' id='word_1_40' title='bbox 611 2326 842 2400; x_wconf 92' lang='lat' dir='ltr'>quam</span> <span class='ocrx_word' id='word_1_41' title='bbox 897 2302 1186 2378; x_wconf 86' lang='lat' dir='ltr'>rivulos</span> <span class='ocrx_word' id='word_1_42' title='bbox 1242 2303 1339 2376; x_wconf 90' lang='lat' dir='ltr'>ad</span> <span class='ocrx_word' id='word_1_43' title='bbox 1395 2302 1716 2392; x_wconf 88' lang='lat' dir='ltr'>fontem,</span> <span class='ocrx_word' id='word_1_44' title='bbox 1774 2286 2135 2377; x_wconf 87' lang='lat' dir='ltr'>ducentia</span> <span class='ocrx_word' id='word_1_45' title='bbox 2189 2324 2495 2397; x_wconf 86' lang='lat' dir='ltr'>carpere</span> <span class='ocrx_word' id='word_1_46' title='bbox 2551 2303 2752 2378; x_wconf 90' lang='lat' dir='ltr'>licet.</span> 
     </span>
    </p>

    <p class='ocr_par' dir='ltr' id='par_1_5' title="bbox 608 2446 3484 4276">
     <span class='ocr_line' id='line_1_8' title="bbox 770 2446 3482 2549; baseline 0 -27"><span class='ocrx_word' id='word_1_47' title='bbox 770 2447 1139 2538; x_wconf 86' lang='lat' dir='ltr'>Primum,</span> <span class='ocrx_word' id='word_1_48' title='bbox 1198 2471 1434 2549; x_wconf 85' lang='lat' dir='ltr'>quum</span> <span class='ocrx_word' id='word_1_49' title='bbox 1472 2446 1565 2522; x_wconf 92' lang='lat' dir='ltr'>de</span> <span class='ocrx_word' id='word_1_50' title='bbox 1603 2450 1946 2543; x_wconf 84' lang='lat' dir='ltr'>tempore</span> <span class='ocrx_word' id='word_1_51' title='bbox 1985 2448 2487 2544; x_wconf 88' lang='lat' dir='ltr'>inquiramus,</span> <span class='ocrx_word' id='word_1_52' title='bbox 2527 2447 2747 2544; x_wconf 88' lang='lat' dir='ltr'>quasi</span> <span class='ocrx_word' id='word_1_53' title='bbox 2796 2447 3482 2545; x_wconf 70' lang='lat' dir='ltr'>argumentationis</span> 
     </span>
     <span class='ocr_line' id='line_1_9' title="bbox 612 2589 3482 2690; baseline 0 -24"><span class='ocrx_word' id='word_1_54' title='bbox 612 2595 846 2689; x_wconf 88' lang='lat' dir='ltr'>caput</span> <span class='ocrx_word' id='word_1_55' title='bbox 884 2589 1373 2667; x_wconf 86' lang='lat' dir='ltr'>retinendum</span> <span class='ocrx_word' id='word_1_56' title='bbox 1411 2592 1530 2666; x_wconf 90' lang='lat' dir='ltr'>est</span> <span class='ocrx_word' id='word_1_57' title='bbox 1564 2589 1794 2663; x_wconf 88' lang='lat' dir='ltr'>illud:</span> <span class='ocrx_word' id='word_1_58' title='bbox 1838 2590 2043 2687; x_wconf 92' lang='lat' dir='ltr'>quod</span> <span class='ocrx_word' id='word_1_59' title='bbox 2082 2589 2599 2686; x_wconf 85' lang='lat' dir='ltr'>peregrinatio</span> <span class='ocrx_word' id='word_1_60' title='bbox 2627 2613 2782 2665; x_wconf 91' lang='lat' dir='ltr'>non</span> <span class='ocrx_word' id='word_1_61' title='bbox 2821 2592 3067 2666; x_wconf 86' lang='lat' dir='ltr'>multo</span> <span class='ocrx_word' id='word_1_62' title='bbox 3105 2595 3281 2690; x_wconf 89' lang='lat' dir='ltr'>post</span> <span class='ocrx_word' id='word_1_63' title='bbox 3316 2596 3482 2667; x_wconf 87' lang='lat' dir='ltr'>tur·</span> 
     </span>
     <span class='ocr_line' id='line_1_10' title="bbox 610 2732 3478 2836; baseline -0.001 -22"><span class='ocrx_word' id='word_1_64' title='bbox 610 2761 784 2836; x_wconf 92' lang='lat' dir='ltr'>pem</span> <span class='ocrx_word' id='word_1_65' title='bbox 837 2735 1136 2812; x_wconf 90' lang='lat' dir='ltr'>Ioviani</span> <span class='ocrx_word' id='word_1_66' title='bbox 1173 2757 1346 2810; x_wconf 91' lang='lat' dir='ltr'>cum</span> <span class='ocrx_word' id='word_1_67' title='bbox 1386 2733 1672 2832; x_wconf 87' lang='lat' dir='ltr'>Sapore</span> <span class='ocrx_word' id='word_1_68' title='bbox 1710 2732 2120 2808; x_wconf 85' lang='lat' dir='ltr'>Persarum</span> <span class='ocrx_word' id='word_1_69' title='bbox 2157 2755 2336 2830; x_wconf 88' lang='lat' dir='ltr'>rege</span> <span class='ocrx_word' id='word_1_70' title='bbox 2373 2733 2827 2830; x_wconf 83' lang='lat' dir='ltr'>pactionem,</span> <span class='ocrx_word' id='word_1_71' title='bbox 2887 2757 3039 2831; x_wconf 88' lang='lat' dir='ltr'>qua</span> <span class='ocrx_word' id='word_1_72' title='bbox 3084 2758 3286 2811; x_wconf 90' lang='lat' dir='ltr'>anno</span> <span class='ocrx_word' id='word_1_73' title='bbox 3327 2736 3478 2810; x_wconf 82' lang='lat'>363</span> 
     </span>
     <span class='ocr_line' id='line_1_11' title="bbox 612 2874 3481 2977; baseline -0.001 -22"><span class='ocrx_word' id='word_1_74' title='bbox 612 2878 915 2977; x_wconf 89' lang='lat' dir='ltr'>imperii</span> <span class='ocrx_word' id='word_1_75' title='bbox 968 2877 1266 2953; x_wconf 90' lang='lat' dir='ltr'>romani</span> <span class='ocrx_word' id='word_1_76' title='bbox 1304 2875 1491 2951; x_wconf 90' lang='lat' dir='ltr'>fines</span> <span class='ocrx_word' id='word_1_77' title='bbox 1547 2874 1939 2949; x_wconf 89' lang='lat' dir='ltr'>imminuti</span> <span class='ocrx_word' id='word_1_78' title='bbox 1991 2877 2198 2969; x_wconf 90' lang='lat' dir='ltr'>sunt,</span> <span class='ocrx_word' id='word_1_79' title='bbox 2240 2875 2585 2952; x_wconf 86' lang='lat' dir='ltr'>evenisse</span> <span class='ocrx_word' id='word_1_80' title='bbox 2623 2875 2951 2951; x_wconf 86' lang='lat' dir='ltr'>videtur.</span> <span class='ocrx_word' id='word_1_81' title='bbox 2989 2876 3243 2952; x_wconf 91' lang='lat' dir='ltr'>Verba</span> <span class='ocrx_word' id='word_1_82' title='bbox 3278 2880 3481 2953; x_wconf 89' lang='lat' dir='ltr'>enim</span> 
     </span>
     <span class='ocr_line' id='line_1_12' title="bbox 608 2998 3482 3122; baseline -0.001 -22"><span class='ocrx_word' id='word_1_83' title='bbox 608 3022 938 3122; x_wconf 80' lang='lat' dir='ltr'>episcopi</span> <span class='ocrx_word' id='word_1_84' title='bbox 984 3021 1388 3097; x_wconf 75' lang='lat' dir='ltr'>Cart-arum</span> <span class='ocrx_word' id='word_1_85' title='bbox 1426 3042 1597 3096; x_wconf 91' lang='lat' dir='ltr'>eam</span> <span class='ocrx_word' id='word_1_86' title='bbox 1668 3041 1831 3096; x_wconf 88' lang='lat' dir='ltr'>rem</span> <span class='ocrx_word' id='word_1_87' title='bbox 1866 3019 2352 3116; x_wconf 88' lang='lat' dir='ltr'>respicientia</span> <span class='ocrx_word' id='word_1_88' title='bbox 2388 3024 2572 3095; x_wconf 90' lang='lat' dir='ltr'>sunt</span> <span class='ocrx_word' id='word_1_89' title='bbox 2625 3021 2814 3096; x_wconf 91' lang='lat' dir='ltr'>haec</span> <span class='ocrx_word' id='word_1_90' title='bbox 2843 3011 2863 3054; x_wconf 88' lang='lat'><em>¹</em></span> <span class='ocrx_word' id='word_1_91' title='bbox 2891 2998 2924 3095; x_wconf 45' lang='lat'>:⁵</span> <span class='ocrx_word' id='word_1_92' title='bbox 2976 3025 3008 3056; x_wconf 83' lang='lat'>“</span> <span class='ocrx_word' id='word_1_93' title='bbox 3046 3020 3247 3096; x_wconf 87' lang='lat' dir='ltr'>Nam</span> <span class='ocrx_word' id='word_1_94' title='bbox 3303 3022 3482 3098; x_wconf 92' lang='lat' dir='ltr'>hinc</span> 
     </span>
     <span class='ocr_line' id='line_1_13' title="bbox 622 3164 3480 3272; baseline 0 -31"><span class='ocrx_word' id='word_1_95' title='bbox 622 3226 654 3258; x_wconf 82' lang='lat'>„</span> <span class='ocrx_word' id='word_1_96' title='bbox 692 3189 934 3265; x_wconf 90' lang='lat' dir='ltr'>usque</span> <span class='ocrx_word' id='word_1_97' title='bbox 974 3166 1073 3245; x_wconf 89' lang='lat' dir='ltr'>ad</span> <span class='ocrx_word' id='word_1_98' title='bbox 1108 3164 1410 3241; x_wconf 88' lang='lat' dir='ltr'>Nisibin</span> <span class='ocrx_word' id='word_1_99' title='bbox 1456 3164 1890 3239; x_wconf 89' lang='lat' dir='ltr'>mansiones</span> <span class='ocrx_word' id='word_1_100' title='bbox 1927 3166 2112 3239; x_wconf 89' lang='lat' dir='ltr'>sunt</span> <span class='ocrx_word' id='word_1_101' title='bbox 2153 3164 2511 3262; x_wconf 90' lang='lat' dir='ltr'>quinque,</span> <span class='ocrx_word' id='word_1_102' title='bbox 2552 3168 2633 3240; x_wconf 92' lang='lat' dir='ltr'>et</span> <span class='ocrx_word' id='word_1_103' title='bbox 2666 3165 2842 3240; x_wconf 91' lang='lat' dir='ltr'>inde</span> <span class='ocrx_word' id='word_1_104' title='bbox 2877 3188 3118 3272; x_wconf 87' lang='lat' dir='ltr'>usque</span> <span class='ocrx_word' id='word_1_105' title='bbox 3155 3166 3253 3241; x_wconf 92' lang='lat' dir='ltr'>ad</span> <span class='ocrx_word' id='word_1_106' title='bbox 3288 3167 3480 3260; x_wconf 89' lang='lat' dir='ltr'>Hur,</span> 
     </span>
     <span class='ocr_line' id='line_1_14' title="bbox 622 3307 3484 3412; baseline -0.001 -23"><span class='ocrx_word' id='word_1_107' title='bbox 622 3372 653 3405; x_wconf 92' lang='lat'>„</span> <span class='ocrx_word' id='word_1_108' title='bbox 694 3336 891 3412; x_wconf 90' lang='lat' dir='ltr'>quae</span> <span class='ocrx_word' id='word_1_109' title='bbox 928 3312 1080 3387; x_wconf 90' lang='lat' dir='ltr'>fuit</span> <span class='ocrx_word' id='word_1_110' title='bbox 1116 3310 1387 3388; x_wconf 89' lang='lat' dir='ltr'>civitas</span> <span class='ocrx_word' id='word_1_111' title='bbox 1444 3309 1971 3401; x_wconf 77' lang='lat' dir='ltr'>chaldeorum,</span> <span class='ocrx_word' id='word_1_112' title='bbox 2014 3307 2210 3383; x_wconf 85' lang='lat' dir='ltr'>aliae</span> <span class='ocrx_word' id='word_1_113' title='bbox 2250 3310 2678 3385; x_wconf 86' lang='lat' dir='ltr'>mansiones</span> <span class='ocrx_word' id='word_1_114' title='bbox 2717 3312 2901 3385; x_wconf 90' lang='lat' dir='ltr'>sunt</span> <span class='ocrx_word' id='word_1_115' title='bbox 2935 3311 3310 3409; x_wconf 90' lang='lat' dir='ltr'>quinque:</span> <span class='ocrx_word' id='word_1_116' title='bbox 3354 3312 3484 3388; x_wconf 91' lang='lat' dir='ltr'>sed</span> 
     </span>
     <span class='ocr_line' id='line_1_15' title="bbox 622 3455 3481 3561; baseline -0.001 -27"><span class='ocrx_word' id='word_1_117' title='bbox 622 3516 654 3549; x_wconf 88' lang='lat'>„</span> <span class='ocrx_word' id='word_1_118' title='bbox 695 3458 917 3561; x_wconf 87' lang='lat' dir='ltr'>modo</span> <span class='ocrx_word' id='word_1_119' title='bbox 974 3457 1082 3532; x_wconf 93' lang='lat' dir='ltr'>ibi</span> <span class='ocrx_word' id='word_1_120' title='bbox 1136 3478 1475 3533; x_wconf 81' lang='lat' dir='ltr'>accessus</span> <span class='ocrx_word' id='word_1_121' title='bbox 1547 3455 2070 3529; x_wconf 89' lang='lat' dir='ltr'>Romanorum</span> <span class='ocrx_word' id='word_1_122' title='bbox 2124 3477 2281 3528; x_wconf 93' lang='lat' dir='ltr'>non</span> <span class='ocrx_word' id='word_1_123' title='bbox 2338 3457 2495 3543; x_wconf 90' lang='lat' dir='ltr'>est;</span> <span class='ocrx_word' id='word_1_124' title='bbox 2537 3457 2793 3529; x_wconf 85' lang='lat' dir='ltr'>totum</span> <span class='ocrx_word' id='word_1_125' title='bbox 2833 3455 3034 3531; x_wconf 87' lang='lat' dir='ltr'>enim</span> <span class='ocrx_word' id='word_1_126' title='bbox 3073 3456 3264 3530; x_wconf 90' lang='lat' dir='ltr'>illud</span> <span class='ocrx_word' id='word_1_127' title='bbox 3304 3457 3481 3533; x_wconf 94' lang='lat' dir='ltr'>Per·</span> 
     </span>
     <span class='ocr_line' id='line_1_16' title="bbox 625 3593 3481 3695; baseline -0.002 -18"><span class='ocrx_word' id='word_1_128' title='bbox 625 3659 655 3691; x_wconf 92' lang='lat'>„</span> <span class='ocrx_word' id='word_1_129' title='bbox 693 3624 822 3678; x_wconf 90' lang='lat' dir='ltr'>sae</span> <span class='ocrx_word' id='word_1_130' title='bbox 874 3604 1169 3678; x_wconf 89' lang='lat' dir='ltr'>tenent.</span> <span class='ocrx_word' id='word_1_131' title='bbox 1224 3599 1433 3675; x_wconf 92' lang='lat' dir='ltr'>Haec</span> <span class='ocrx_word' id='word_1_132' title='bbox 1486 3601 1753 3674; x_wconf 87' lang='lat' dir='ltr'>autem</span> <span class='ocrx_word' id='word_1_133' title='bbox 1809 3621 1984 3694; x_wconf 91' lang='lat' dir='ltr'>pars</span> <span class='ocrx_word' id='word_1_134' title='bbox 2038 3597 2472 3693; x_wconf 89' lang='lat' dir='ltr'>specialiter</span> <span class='ocrx_word' id='word_1_135' title='bbox 2555 3596 2951 3672; x_wconf 90' lang='lat' dir='ltr'>orientalis</span> <span class='ocrx_word' id='word_1_136' title='bbox 3026 3593 3481 3695; x_wconf 90' lang='lat' dir='ltr'>appellatur,</span> 
     </span>
     <span class='ocr_line' id='line_1_17' title="bbox 623 3729 3482 3841; baseline -0.001 -23"><span class='ocrx_word' id='word_1_137' title='bbox 623 3800 654 3833; x_wconf 92' lang='lat'>„</span> <span class='ocrx_word' id='word_1_138' title='bbox 693 3765 890 3841; x_wconf 88' lang='lat' dir='ltr'>quae</span> <span class='ocrx_word' id='word_1_139' title='bbox 929 3746 1049 3820; x_wconf 86' lang='lat' dir='ltr'>est</span> <span class='ocrx_word' id='word_1_140' title='bbox 1084 3742 1165 3817; x_wconf 91' lang='lat' dir='ltr'>in</span> <span class='ocrx_word' id='word_1_141' title='bbox 1194 3729 1605 3818; x_wconf 87' lang='lat' dir='ltr'>confinium</span> <span class='ocrx_word' id='word_1_142' title='bbox 1633 3741 2156 3816; x_wconf 88' lang='lat' dir='ltr'>Romanorum</span> <span class='ocrx_word' id='word_1_143' title='bbox 2186 3742 2266 3814; x_wconf 94' lang='lat' dir='ltr'>et</span> <span class='ocrx_word' id='word_1_144' title='bbox 2294 3738 2700 3815; x_wconf 87' lang='lat' dir='ltr'>Persarum</span> <span class='ocrx_word' id='word_1_145' title='bbox 2731 3741 2856 3815; x_wconf 86' lang='lat' dir='ltr'>vel</span> <span class='ocrx_word' id='word_1_146' title='bbox 2887 3739 3392 3817; x_wconf 87' lang='lat' dir='ltr'>Chaldeorum</span> <span class='ocrx_word' id='word_1_147' title='bbox 3417 3798 3482 3829; x_wconf 83' lang='lat'>„.</span> 
     </span>
     <span class='ocr_line' id='line_1_18' title="bbox 614 3883 3484 3983; baseline -0.001 -20"><span class='ocrx_word' id='word_1_148' title='bbox 614 3888 895 3974; x_wconf 86' lang='lat' dir='ltr'>Omnis,</span> <span class='ocrx_word' id='word_1_149' title='bbox 916 3890 1010 3961; x_wconf 89' lang='lat' dir='ltr'>ut</span> <span class='ocrx_word' id='word_1_150' title='bbox 1035 3887 1302 3983; x_wconf 90' lang='lat' dir='ltr'>liquet,</span> <span class='ocrx_word' id='word_1_151' title='bbox 1336 3907 1429 3961; x_wconf 85' lang='lat' dir='ltr'>ex</span> <span class='ocrx_word' id='word_1_152' title='bbox 1458 3885 1592 3958; x_wconf 90' lang='lat' dir='ltr'>illa</span> <span class='ocrx_word' id='word_1_153' title='bbox 1622 3906 1805 3959; x_wconf 92' lang='lat' dir='ltr'>voce</span> <span class='ocrx_word' id='word_1_154' title='bbox 1832 3887 2026 3957; x_wconf 83' lang='lat' dir='ltr'>modo</span> <span class='ocrx_word' id='word_1_155' title='bbox 2057 3883 2598 3980; x_wconf 87' lang='lat' dir='ltr'>interpretatio</span> <span class='ocrx_word' id='word_1_156' title='bbox 2629 3884 2948 3981; x_wconf 87' lang='lat' dir='ltr'>pendet:</span> <span class='ocrx_word' id='word_1_157' title='bbox 2981 3907 3249 3960; x_wconf 88' lang='lat' dir='ltr'>verum</span> <span class='ocrx_word' id='word_1_158' title='bbox 3279 3886 3484 3961; x_wconf 91' lang='lat' dir='ltr'>enim</span> 
     </span>
     <span class='ocr_line' id='line_1_19' title="bbox 612 4025 3483 4136; baseline -0.001 -32"><span class='ocrx_word' id='word_1_159' title='bbox 612 4032 992 4126; x_wconf 89' lang='lat' dir='ltr'>quantum</span> <span class='ocrx_word' id='word_1_160' title='bbox 1028 4027 1392 4124; x_wconf 85' lang='lat' dir='ltr'>temporis</span> <span class='ocrx_word' id='word_1_161' title='bbox 1455 4027 1553 4100; x_wconf 85' lang='lat' dir='ltr'>ab</span> <span class='ocrx_word' id='word_1_162' title='bbox 1620 4048 1820 4099; x_wconf 91' lang='lat' dir='ltr'>anno</span> <span class='ocrx_word' id='word_1_163' title='bbox 1885 4027 2264 4122; x_wconf 87' lang='lat' dir='ltr'>pactionis</span> <span class='ocrx_word' id='word_1_164' title='bbox 2331 4025 2631 4101; x_wconf 91' lang='lat' dir='ltr'>Ioviani</span> <span class='ocrx_word' id='word_1_165' title='bbox 2697 4026 2796 4100; x_wconf 93' lang='lat' dir='ltr'>ad</span> <span class='ocrx_word' id='word_1_166' title='bbox 2849 4028 3483 4136; x_wconf 81' lang='lat' dir='ltr'>peregrinationis</span> 
     </span>
     <span class='ocr_line' id='line_1_20' title="bbox 611 4171 3140 4276; baseline -0.002 -25"><span class='ocrx_word' id='word_1_167' title='bbox 611 4176 952 4270; x_wconf 88' lang='lat' dir='ltr'>elapsum</span> <span class='ocrx_word' id='word_1_168' title='bbox 1006 4172 1133 4264; x_wconf 89' lang='lat' dir='ltr'>sit,</span> <span class='ocrx_word' id='word_1_169' title='bbox 1188 4172 1604 4270; x_wconf 90' lang='lat' dir='ltr'>plurimum</span> <span class='ocrx_word' id='word_1_170' title='bbox 1658 4173 1776 4246; x_wconf 91' lang='lat' dir='ltr'>est</span> <span class='ocrx_word' id='word_1_171' title='bbox 1831 4171 2310 4246; x_wconf 86' lang='lat' dir='ltr'>difficultatis</span> <span class='ocrx_word' id='word_1_172' title='bbox 2369 4171 2687 4267; x_wconf 87' lang='lat' dir='ltr'>aperire.</span> <span class='ocrx_word' id='word_1_173' title='bbox 3132 4263 3140 4276; x_wconf 17' lang='grc' dir='ltr'><strong>ἢ</strong></span> 
     </span>
    </p>

    <p class='ocr_par' dir='ltr' id='par_1_6' title="bbox 611 4315 3592 5275">
     <span class='ocr_line' id='line_1_21' title="bbox 771 4315 3484 4412; baseline 0.001 -22"><span class='ocrx_word' id='word_1_174' title='bbox 771 4318 1018 4406; x_wconf 87' lang='lat' dir='ltr'>Quum</span> <span class='ocrx_word' id='word_1_175' title='bbox 1053 4315 1464 4412; x_wconf 89' lang='lat' dir='ltr'>Peregrina</span> <span class='ocrx_word' id='word_1_176' title='bbox 1499 4315 1868 4390; x_wconf 90' lang='lat' dir='ltr'>Edessam</span> <span class='ocrx_word' id='word_1_177' title='bbox 1909 4315 2247 4408; x_wconf 87' lang='lat' dir='ltr'>advenit,</span> <span class='ocrx_word' id='word_1_178' title='bbox 2290 4315 2606 4391; x_wconf 90' lang='lat' dir='ltr'>ecclesia</span> <span class='ocrx_word' id='word_1_179' title='bbox 2641 4339 2701 4390; x_wconf 90' lang='lat' dir='ltr'>s.</span> <span class='ocrx_word' id='word_1_180' title='bbox 2742 4315 3077 4392; x_wconf 85' lang='lat' dir='ltr'>Thomae</span> <span class='ocrx_word' id='word_1_181' title='bbox 3105 4321 3274 4392; x_wconf 90' lang='lat' dir='ltr'>erat</span> <span class='ocrx_word' id='word_1_182' title='bbox 3308 4342 3484 4394; x_wconf 81' lang='lat' dir='ltr'>nova</span> 
     </span>
     <span class='ocr_line' id='line_1_22' title="bbox 612 4452 3480 4556; baseline 0 -19"><span class='ocrx_word' id='word_1_183' title='bbox 612 4463 1049 4556; x_wconf 73' lang='lat' dir='ltr'>dispositione</span> <span class='ocrx_word' id='word_1_184' title='bbox 1074 4458 1467 4556; x_wconf 89' lang='lat' dir='ltr'>magnifice</span> <span class='ocrx_word' id='word_1_185' title='bbox 1495 4452 2001 4534; x_wconf 73' lang='lat' dir='ltr'>constructa2:</span> <span class='ocrx_word' id='word_1_186' title='bbox 2036 4482 2269 4555; x_wconf 89' lang='lat' dir='ltr'>quam</span> <span class='ocrx_word' id='word_1_187' title='bbox 2307 4458 2917 4534; x_wconf 88' lang='lat' dir='ltr'>aedificationem</span> <span class='ocrx_word' id='word_1_188' title='bbox 2957 4462 3311 4538; x_wconf 91' lang='lat' dir='ltr'>catholici</span> <span class='ocrx_word' id='word_1_189' title='bbox 3339 4465 3480 4538; x_wconf 91' lang='lat' dir='ltr'>sub</span> 
     </span>
     <span class='ocr_line' id='line_1_23' title="bbox 620 4567 3592 4714; baseline 0.001 -35"><span class='ocrx_word' id='word_1_190' title='bbox 620 4605 939 4680; x_wconf 87' lang='lat' dir='ltr'>Valente</span> <span class='ocrx_word' id='word_1_191' title='bbox 1010 4603 1516 4699; x_wconf 88' lang='lat' dir='ltr'>perfecerunt.</span> <span class='ocrx_word' id='word_1_192' title='bbox 1592 4601 1875 4676; x_wconf 89' lang='lat' dir='ltr'>Valens</span> <span class='ocrx_word' id='word_1_193' title='bbox 1952 4602 2109 4697; x_wconf 91' lang='lat' dir='ltr'>ipse</span> <span class='ocrx_word' id='word_1_194' title='bbox 2186 4623 2387 4676; x_wconf 90' lang='lat' dir='ltr'>anno</span> <span class='ocrx_word' id='word_1_195' title='bbox 2449 4602 2601 4675; x_wconf 83' lang='lat'>372</span> <span class='ocrx_word' id='word_1_196' title='bbox 2661 4604 3210 4714; x_wconf 84' lang='lat' dir='ltr'>magnitudinis</span> <span class='ocrx_word' id='word_1_197' title='bbox 3272 4604 3481 4681; x_wconf 93' lang='lat' dir='ltr'>illius</span> <span class='ocrx_word' id='word_1_198' title='bbox 3583 4567 3592 4576; x_wconf 20' lang='grc' dir='ltr'>ἱ</span> 
     </span>
     <span class='ocr_line' id='line_1_24' title="bbox 611 4743 3478 4843; baseline 0.001 -22"><span class='ocrx_word' id='word_1_199' title='bbox 611 4748 819 4822; x_wconf 85' lang='lat' dir='ltr'>fama</span> <span class='ocrx_word' id='word_1_200' title='bbox 872 4748 1299 4822; x_wconf 90' lang='lat' dir='ltr'>commotus</span> <span class='ocrx_word' id='word_1_201' title='bbox 1351 4744 1711 4820; x_wconf 89' lang='lat' dir='ltr'>Edessam</span> <span class='ocrx_word' id='word_1_202' title='bbox 1767 4743 2079 4820; x_wconf 89' lang='lat' dir='ltr'>devenit</span> <span class='ocrx_word' id='word_1_203' title='bbox 2136 4745 2495 4821; x_wconf 84' lang='lat' dir='ltr'>ecclesiae</span> <span class='ocrx_word' id='word_1_204' title='bbox 2548 4745 2929 4821; x_wconf 88' lang='lat' dir='ltr'>videndae</span> <span class='ocrx_word' id='word_1_205' title='bbox 2983 4750 3278 4843; x_wconf 88' lang='lat' dir='ltr'>gratia:</span> <span class='ocrx_word' id='word_1_206' title='bbox 3335 4750 3478 4824; x_wconf 92' lang='lat' dir='ltr'>ibi·</span> 
     </span>
     <span class='ocr_line' id='line_1_25' title="bbox 611 4888 3476 4986; baseline 0.002 -23"><span class='ocrx_word' id='word_1_207' title='bbox 611 4911 786 4986; x_wconf 88' lang='lat' dir='ltr'>que,</span> <span class='ocrx_word' id='word_1_208' title='bbox 843 4911 1017 4965; x_wconf 91' lang='lat' dir='ltr'>cum</span> <span class='ocrx_word' id='word_1_209' title='bbox 1070 4888 1382 4962; x_wconf 90' lang='lat' dir='ltr'>arianus</span> <span class='ocrx_word' id='word_1_210' title='bbox 1438 4891 1663 4978; x_wconf 90' lang='lat' dir='ltr'>esset,</span> <span class='ocrx_word' id='word_1_211' title='bbox 1735 4909 1904 4964; x_wconf 94' lang='lat' dir='ltr'>eam</span> <span class='ocrx_word' id='word_1_212' title='bbox 1959 4889 2560 4985; x_wconf 87' lang='lat' dir='ltr'>persecutionem</span> <span class='ocrx_word' id='word_1_213' title='bbox 2615 4890 2696 4963; x_wconf 91' lang='lat' dir='ltr'>in</span> <span class='ocrx_word' id='word_1_214' title='bbox 2750 4891 3162 4966; x_wconf 84' lang='lat' dir='ltr'>catholicos</span> <span class='ocrx_word' id='word_1_215' title='bbox 3225 4892 3476 4984; x_wconf 89' lang='lat' dir='ltr'>inivit,</span> 
     </span>
     <span class='ocr_line' id='line_1_26' title="bbox 613 5028 3479 5129; baseline 0.001 -24"><span class='ocrx_word' id='word_1_216' title='bbox 613 5053 937 5129; x_wconf 91' lang='lat' dir='ltr'>quorum</span> <span class='ocrx_word' id='word_1_217' title='bbox 993 5033 1084 5104; x_wconf 90' lang='lat' dir='ltr'>ut</span> <span class='ocrx_word' id='word_1_218' title='bbox 1135 5028 1516 5118; x_wconf 83' lang='lat' dir='ltr'>neminem</span> <span class='ocrx_word' id='word_1_219' title='bbox 1571 5053 1725 5105; x_wconf 93' lang='lat' dir='ltr'>non</span> <span class='ocrx_word' id='word_1_220' title='bbox 1785 5030 2008 5104; x_wconf 90' lang='lat' dir='ltr'>modo</span> <span class='ocrx_word' id='word_1_221' title='bbox 2065 5030 2453 5106; x_wconf 87' lang='lat' dir='ltr'>ecclesiam</span> <span class='ocrx_word' id='word_1_222' title='bbox 2511 5030 2746 5122; x_wconf 86' lang='lat' dir='ltr'>adire,</span> <span class='ocrx_word' id='word_1_223' title='bbox 2786 5033 2914 5107; x_wconf 90' lang='lat' dir='ltr'>sed</span> <span class='ocrx_word' id='word_1_224' title='bbox 2962 5032 3197 5107; x_wconf 87' lang='lat' dir='ltr'>etiam</span> <span class='ocrx_word' id='word_1_225' title='bbox 3254 5056 3348 5109; x_wconf 84' lang='lat' dir='ltr'>ex</span> <span class='ocrx_word' id='word_1_226' title='bbox 3385 5058 3479 5110; x_wconf 88' lang='lat' dir='ltr'>ea</span> 
     </span>
     <span class='ocr_line' id='line_1_27' title="bbox 612 5173 3474 5275; baseline 0.001 -26"><span class='ocrx_word' id='word_1_227' title='bbox 612 5197 1074 5272; x_wconf 91' lang='lat' dir='ltr'>quemquam</span> <span class='ocrx_word' id='word_1_228' title='bbox 1126 5174 1367 5250; x_wconf 87' lang='lat' dir='ltr'>arceri</span> <span class='ocrx_word' id='word_1_229' title='bbox 1419 5174 1748 5249; x_wconf 90' lang='lat' dir='ltr'>iusserit.</span> <span class='ocrx_word' id='word_1_230' title='bbox 1796 5173 2061 5272; x_wconf 89' lang='lat' dir='ltr'>Neque</span> <span class='ocrx_word' id='word_1_231' title='bbox 2100 5178 2499 5272; x_wconf 90' lang='lat' dir='ltr'>tamquam</span> <span class='ocrx_word' id='word_1_232' title='bbox 2552 5176 2765 5250; x_wconf 91' lang='lat' dir='ltr'>aliud</span> <span class='ocrx_word' id='word_1_233' title='bbox 2820 5178 3187 5273; x_wconf 89' lang='lat' dir='ltr'>temporis</span> <span class='ocrx_word' id='word_1_234' title='bbox 3247 5201 3474 5275; x_wconf 89' lang='lat' dir='ltr'>argu-</span> 
     </span>
    </p>
   </div>
   <div class='ocr_carea' id='block_1_5' title="bbox 610 5452 3475 5731">
    <p class='ocr_par' dir='ltr' id='par_1_7' title="bbox 610 5452 3475 5731">
     <span class='ocr_line' id='line_1_28' title="bbox 773 5453 795 5490; baseline 0 0"><span class='ocrx_word' id='word_1_235' title='bbox 773 5453 795 5490; x_wconf 78' lang='lat'>1</span> 
     </span>
     <span class='ocr_line' id='line_1_29' title="bbox 634 5452 3475 5634; baseline 0.001 -21"><span class='ocrx_word' id='word_1_236' title='bbox 634 5584 641 5592; x_wconf 91' lang='lat'><em>·</em></span> <span class='ocrx_word' id='word_1_237' title='bbox 722 5585 731 5590; x_wconf 89' lang='lat'>-</span> <span class='ocrx_word' id='word_1_238' title='bbox 768 5551 793 5589; x_wconf 81' lang='lat'>²</span> <span class='ocrx_word' id='word_1_239' title='bbox 822 5452 1322 5631; x_wconf 52' lang='lat' dir='ltr'>{21:⁸3‚g‚g‡</span> <span class='ocrx_word' id='word_1_240' title='bbox 1359 5548 1541 5611; x_wconf 84' lang='lat' dir='ltr'>Anno</span> <span class='ocrx_word' id='word_1_241' title='bbox 1582 5551 1702 5611; x_wconf 80' lang='lat'>372</span> <span class='ocrx_word' id='word_1_242' title='bbox 1742 5550 1978 5614; x_wconf 83' lang='lat' dir='ltr'>Valens</span> <span class='ocrx_word' id='word_1_243' title='bbox 2019 5551 2085 5613; x_wconf 88' lang='lat' dir='ltr'>in</span> <span class='ocrx_word' id='word_1_244' title='bbox 2124 5551 2574 5633; x_wconf 81' lang='lat' dir='ltr'>Mesopotamia</span> <span class='ocrx_word' id='word_1_245' title='bbox 2613 5554 2995 5634; x_wconf 84' lang='lat' dir='ltr'>versabatur,</span> <span class='ocrx_word' id='word_1_246' title='bbox 3036 5573 3220 5633; x_wconf 86' lang='lat' dir='ltr'>quum</span> <span class='ocrx_word' id='word_1_247' title='bbox 3260 5560 3475 5616; x_wconf 84' lang='lat' dir='ltr'>contra</span> 
     </span>
     <span class='ocr_line' id='line_1_30' title="bbox 610 5647 2071 5731; baseline -0.001 -19"><span class='ocrx_word' id='word_1_248' title='bbox 610 5647 907 5731; x_wconf 70' lang='lat' dir='ltr'>Saporem</span> <span class='ocrx_word' id='word_1_249' title='bbox 943 5667 1159 5729; x_wconf 80' lang='lat' dir='ltr'>regem</span> <span class='ocrx_word' id='word_1_250' title='bbox 1196 5648 1531 5711; x_wconf 79' lang='lat' dir='ltr'>Persarum</span> <span class='ocrx_word' id='word_1_251' title='bbox 1567 5647 1798 5711; x_wconf 85' lang='lat' dir='ltr'>bellum</span> <span class='ocrx_word' id='word_1_252' title='bbox 1838 5656 2071 5729; x_wconf 81' lang='lat' dir='ltr'>ageret.</span> 
     </span>
    </p>
   </div>
  </div>
 </body>
</html>
