4642 6650
1686 762 1777 807 nre:
1825 761 2016 808 nocxs
2063 762 2338 807 smorxs
3325 744 3450 826 127

572 1005 748 1056 rum
801 981 1407 1057 combustionem
1461 982 1872 1057 inundasse
1909 982 2420 1057 certissimum
2459 986 2595 1059 est.
2639 984 2983 1079 Apparet
3034 1004 3219 1058 vero
3273 1003 3446 1077 pro-

572 1106 693 1182 cul
731 1106 824 1181 de
860 1107 1168 1202 specula
1205 1106 1489 1181 montis
1528 1106 1810 1182 Oliveti
1848 1107 2358 1199 cernentibus,
2399 1108 2604 1203 quod
2644 1106 3022 1183 fluctuum
3060 1107 3451 1182 collisione

572 1236 1040 1308 commotum
1093 1232 1591 1308 salsissimum
1645 1233 1853 1308 eiicit
1905 1233 2043 1324 sal,
2101 1238 2183 1308 et
2230 1235 2373 1309 hoc
2408 1235 2564 1309 sole
2618 1236 2989 1310 siccatum
3049 1233 3447 1329 accipitur,

572 1359 841 1433 multis
893 1358 1340 1433 nationibus
1394 1359 1910 1454 profuturum.
1969 1359 2179 1434 Mare
2233 1381 2417 1436 vero
2472 1362 2868 1433 mortuum
2924 1359 3117 1432 nihil
3182 1358 3454 1455 recipit

573 1507 936 1581 generum
982 1485 1439 1573 viventium,
1477 1507 1727 1580 neque
1763 1484 2027 1581 pisces,
2066 1507 2312 1583 neque
2354 1489 2697 1561 assuetas
2733 1507 2913 1561 aves
2953 1485 3194 1581 3111116,
3245 1485 3455 1560 1331111

572 1610 991 1706 camelique
1026 1609 1365 1684 fluitant.
1406 1609 1753 1706 Denique
1789 1611 1852 1684 si
1888 1610 2236 1686 Iordanis
2273 1615 2545 1687 auctus
2584 1611 2954 1686 imbribus
2993 1612 3231 1706 pisces
3268 1611 3453 1686 illuc

573 1735 979 1810 influentes
1015 1735 1386 1830 rapuerit,
1424 1737 1693 1809 statim
1731 1737 2192 1834 moriuntur,
2233 1740 2314 1812 et
2349 1738 2759 1833 pinguibus
2798 1736 3016 1832 aquis
3054 1759 3279 1831 super
3315 1759 3451 1810 na-

573 1863 771 1934 tant.
831 1859 1175 1933 Lucerna
1223 1881 1537 1935 accensa
1572 1859 1859 1935 ibidem
1896 1863 2123 1935 natat
2160 1860 2321 1936 sine
2363 1862 2523 1936 ulla
2560 1861 3073 1952 conversione,
3114 1861 3454 1937 extincta

577 1982 1072 2079 demergitur,
1130 1984 1541 2079 omniaque
1584 1985 1930 2059 viventia
1966 1985 2334 2077 demersa,
2374 1986 2557 2062 licet
2594 1989 2750 2061 sint
2792 1986 3284 2061 vehementer
3338 1985 3452 2058 in·

574 2107 741 2199 lisa,
797 2107 1060 2182 statim
1095 2108 1499 2209 resiliunt.
1557 2109 1923 2186 Homines
1963 2109 2169 2184 enim
2208 2094 2531 2185 natandi
2569 2110 2841 2206 ignari,
2898 2111 2961 2185 61
2998 2110 3198 2206 ,illuc
3251 2109 3453 2206 proi·

576 2234 901 2326 ciantur,
958 2234 1270 2310 revictis
1325 2239 1501 2330 post
1555 2238 1863 2331 tergum
1929 2236 2306 2327 manibus,
2365 2237 2527 2311 sine
2583 2237 2813 2311 dubio
2869 2239 3172 2311 natant.
3230 2236 3455 2331 Aqua

575 2347 738 2458 ipsa
792 2362 1076 2437 sterilis
1131 2364 1214 2435 et
1267 2384 1555 2451 amara,
1605 2362 2079 2457 caeterisque
2116 2364 2338 2458 aquis
2377 2363 2796 2454 obscurior,
2854 2365 2934 2438 et
2991 2363 3208 2459 quasi
3264 2361 3453 2438 adu-

574 2492 742 2563 stae
795 2487 1183 2584 preferens
1220 2486 1829 2562 similitudinem.
1870 2487 2152 2583 Vagari
2190 2510 2419 2585 super
2458 2512 2697 2585 aquas
2733 2488 3118 2563 bitumina
3155 2491 3454 2564 certum

575 2615 695 2687 est
746 2615 919 2687 atro
973 2612 1296 2707 liquore,
1356 2633 1554 2706 quae
1609 2611 1905 2708 scaphis
1951 2613 2657 2714 appropinquantes
2711 2613 3107 2708 colligunt.
3165 2612 3453 2687 Herere

575 2739 722 2812 sibi
773 2738 1147 2831 bitumen,
1204 2741 1287 2813 et
1338 2759 1828 2833 nequaquam
1865 2738 2068 2813 ferro
2108 2739 2466 2836 praecidi,
2534 2740 2804 2830 fertur,
2870 2739 3224 2835 sanguini
3278 2741 3453 2813 tan·

573 2867 745 2938 turn
798 2864 1211 2938 mulierum
1267 2865 1347 2939 et
1400 2867 1793 2938 menstruo
1831 2868 1912 2938 et
1949 2865 2221 2939 urinae
2259 2865 2489 2954 cedit,
2536 2865 2749 2940 utilis
2787 2867 3051 2940 autem
3099 2864 3197 2938 ad
3253 2886 3455 2940 com-

574 3012 847 3086 pagem
901 2990 1220 3065 navium
1273 2989 1397 3065 vel
1454 2989 1899 3086 corporibus
1949 2989 2346 3064 hominum
2407 2990 2816 3066 medendis.
2876 2989 3153 3066 Servat
3206 2990 3458 3065 adhuc

574 3118 783 3212 regio
821 3117 1147 3213 speciem
1185 3137 1460 3210 penae:
1499 3119 1931 3191 nascuntur
1961 3116 2070 3190 ibi
2106 3139 2335 3212 poma
2370 3115 2906 3212 pulcherrima,
2948 3138 3145 3211 quae
3183 3115 3456 3190 edendi

576 3241 1077 3339 cupiditatem
1132 3240 1656 3338 spectantibus
1711 3244 2122 3338 generant;
2163 3242 2227 3315 si
2266 3264 2558 3338 carpa8‚
2611 3241 3023 3333 fatescunt,
3085 3244 3168 3316 et
3221 3241 3455 3316 resol-

575 3371 868 3444 vuntur
903 3369 986 3442 in
1023 3369 1381 3455 cinerem,
1422 3369 1872 3464 fumumque
1911 3368 2277 3459 excitant,
2318 3368 2538 3465 quasi
2577 3368 2828 3442 adhuc
2865 3367 3213 3443 ardeant.
3256 3366 3455 3443 Sane

575 3496 657 3568 in
712 3494 980 3569 diebus
1035 3497 1306 3571 estatis
1359 3495 1701 3570 modicus
1755 3515 1890 3590 per
1926 3494 2177 3590 spatia
2216 3494 2465 3590 campi
2519 3496 2876 3569 exestuat
2930 3515 3194 3588 vapor,
3253 3491 3455 3566 unde

577 3625 658 3695 et
710 3620 1180 3696 coalescente
1233 3622 1427 3698 vitio
1482 3620 1766 3696 nimiae
1816 3619 2182 3695 siccitatis
2219 3623 2455 3715 atque
2509 3618 2805 3692 humidi
2844 3618 3275 3714 corruptior
3321 3638 3454 3692 aer

577 3745 1049 3820 miserandas
1104 3747 1371 3822 incolis
1427 3745 1730 3821 conficit
1785 3744 2333 3840 aegritudines,

736 3870 859 3960 (B.
892 3892 948 3944 c.
978 3871 1225 3961 XIII)
1281 3870 1374 3943 In
1428 3870 1595 3944 loco
1651 3892 1854 3965 ergo,
1897 3870 1979 3943 in
2015 3891 2167 3965 quo
2206 3869 2579 3944 Dominus
2616 3869 3054 3966 baptizatus
3091 3871 3231 3959 est,
3263 3890 3451 3944 crux

575 3996 829 4090 lignea
883 3998 1045 4070 stat
1097 4018 1341 4092 usque
1396 3996 1494 4069 ad
1549 3996 1832 4070 collum
1878 3996 2064 4085 alta,
2107 4018 2303 4091 quae
2342 3997 2748 4091 aliquoties
2804 4020 3006 4092 aqua
3059 3999 3449 4071 transcen·

577 4119 806 4195 dente
859 4120 1374 4196 absconditur.
1434 4120 1503 4193 A
1558 4142 1707 4215 quo
1764 4120 1930 4194 loco
1985 4120 2153 4217 ripa
2210 4121 2553 4210 ulterior,
2610 4120 2688 4194 id
2744 4124 2863 4195 est
2918 4120 3312 4195 orientalis
3368 4119 3450 4193 in

575 4244 784 4319 iactu
838 4244 1124 4318 fundae
1178 4247 1338 4318 est:
1397 4244 1704 4320 citerior
1769 4265 1953 4318 vero
2008 4246 2177 4340 ripa
2230 4245 2311 4317 in
2368 4245 2770 4340 supercilio
2834 4244 3258 4336 monticuli,
3315 4244 3452 4319 ubi

578 4372 1102 4445 constructum
1157 4372 1275 4445 est
1309 4370 1861 4445 monasterium
1897 4371 2148 4447 sancti
2184 4371 2584 4467 Baptistae
2619 4370 2951 4462 Ioannis,
2993 4371 3085 4444 de
3125 4392 3275 4466 quo
3316 4393 3453 4467 per

577 4498 891 4590 pontem
945 4495 1271 4570 arcubus
1327 4495 1729 4569 suffultum
1767 4495 2016 4569 solent
2070 4495 2523 4570 descendere
2577 4496 2675 4569 ad
2723 4495 2938 4568 illam
2991 4516 3314 4584 crucem,
3371 4498 3453 4570 et

577 4640 818 4694 orare.
876 4617 969 4691 In
1023 4623 1363 4694 extrema
1415 4619 1750 4693 fluminis
1803 4623 2026 4715 parte
2064 4620 2444 4717 quadrata
2498 4619 2810 4696 ecclesia
2865 4623 3202 4717 quatuor
3256 4620 3448 4716 lapi<

578 4746 737 4821 deis
790 4748 1106 4821 cameris
1162 4746 1640 4842 superposita
1694 4750 1834 4837 est,
1875 4749 2089 4822 cocto
2127 4768 2219 4821 ex
2257 4747 2528 4838 latere,
2568 4750 2778 4822 creta
2834 4742 3156 4843 desuper
3207 4749 3445 4837 tecta,

577 4869 711 4943 ubi
765 4870 1074 4944 Domini
1112 4872 1596 4961 vestimenta,
1637 4893 1809 4945 cum
1850 4871 2401 4966 baptizaretur,
2439 4874 2748 4946 servata
2785 4873 2989 4944 sunt.
3026 4869 3242 4946 Hanc
3294 4893 3450 4945 non

575 4993 922 5069 homines
961 4995 1276 5086 intrare,
1316 4993 1448 5067 sed
1486 4995 1687 5070 unde
1725 4996 2027 5092 cingere
2065 5018 2154 5071 ac
2190 4998 2592 5092 penetrare
2630 4995 2906 5070 solent.
2947 4995 3067 5069 Ab
3109 5017 3198 5069 eo
3254 4996 3448 5088 1000,

577 5141 729 5214 quo
785 5140 828 5193 e
882 5119 1229 5194 faucibus
1283 5120 1516 5193 maris
1557 5119 1894 5195 Galileae
1930 5121 2277 5196 Iordanis
2314 5122 2499 5213 exit,
2542 5143 2781 5218 usque
2819 5121 2952 5194 ubi
2999 5142 3211 5196 mare
3248 5142 3452 5194 mor·

577 5247 805 5319 tuum
859 5246 1130 5335 intrat,
1189 5248 1363 5320 octo
1422 5245 1716 5320 dierum
1771 5247 1923 5322 iter
1976 5238 2122 5322 est.

734 5369 858 5461 (B.
891 5394 950 5446 c.
987 5372 1113 5444 XI
1123 5371 1215 5462 W
1262 5371 1635 5447 Locustae
1672 5375 1958 5463 autem,
1991 5372 2082 5448 de
2111 5372 2387 5468 quibus
2425 5372 2702 5447 edebat
2745 5373 3012 5448 beatus
3040 5371 3446 5459 1011311066,

573 5495 682 5569 1101
736 5518 977 5593 usque
1030 5494 1256 5570 hodie
1323 5499 1529 5586 sunt,
1588 5519 1789 5594 quae
1853 5496 2314 5593 corpusculis
2369 5497 2452 5570 in
2508 5497 2820 5572 modum
2883 5497 3106 5593 digiti
3172 5519 3448 5571 manus

574 5620 899 5695 exilibus
953 5622 1034 5695 et
1070 5620 1454 5712 brevibuS,
1495 5621 1576 5694 in
1612 5621 1868 5696 herbis
1903 5621 2128 5696 facile
2164 5624 2437 5717 captae
2474 5626 2884 5720 coctaeque
2920 5624 3001 5696 in
3040 5622 3209 5701 oleo
3257 5646 3445 5726 pau-
