4642 6650
1184 703 1275 773 94
2163 730 2217 776 s.
2264 729 2528 780 summ
2572 731 3069 778 rmnnoutm‘no

1339 942 1452 1019 Ac
1504 945 1611 1019 sic
1663 966 1845 1041 ergo
1899 967 2073 1021 cum
2127 948 2414 1043 ceperit
2466 969 2628 1023 esse
2672 948 3059 1042 pullorum
3095 952 3388 1039 cantus,
3429 948 3910 1023 descenditur
3946 949 4040 1025 de

1180 1067 1577 1141 Imbomon
1631 1089 1802 1143 cum
1857 1071 2133 1166 ymni8‚
2191 1074 2273 1146 et
2327 1072 2617 1147 accedit
2654 1072 2919 1148 eodem
2955 1073 3145 1163 loce,
3186 1072 3319 1145 ubi
3356 1073 3611 1148 oravit
3646 1072 4039 1163 Dominus,

1180 1192 1380 1264 sicut
1430 1191 1794 1286 scriptum
1853 1196 1973 1269 est
2024 1194 2104 1268 in
2171 1196 2609 1291 evangelio:
2675 1199 2708 1231 ⁸
2746 1175 2833 1271 et
2880 1196 3194 1271 accessit
3259 1198 3637 1292 quantum
3700 1187 4035 1286 iactum¹

1176 1314 1475 1410 lapidis,
1533 1319 1615 1390 et
1668 1317 1944 1410 oravit,
2002 1322 2084 1393 et
2138 1323 2418 1395 cetera.
2458 1375 2491 1408 ,‚
2554 1319 2648 1393 In
2701 1341 2790 1394 eo
2846 1322 3050 1396 enim
3105 1321 3274 1395 loco
3341 1321 3653 1396 ecclesia
3707 1325 3826 1395 est
3888 1321 4043 1397 ele·

1178 1427 1438 1534 gans²z
1475 1438 1907 1535 ingreditur
1942 1443 2051 1517 ibi
2089 1442 2482 1539 episcopus
2519 1446 2601 1519 et
2636 1444 2882 1518 omnis
2919 1445 3282 1541 populus:
3333 1445 3615 1520 dicitur
3648 1445 3757 1518 ibi
3794 1444 4043 1519 oratio

1177 1564 1362 1658 apta
1414 1562 1581 1636 loco
1636 1565 1718 1638 et
1771 1563 1962 1640 diei:
2011 1566 2293 1641 dicitur
2329 1565 2565 1642 etiam
2601 1590 2801 1642 unus
2836 1590 3117 1664 ymnus
3154 1572 3403 1663 aptus,
3444 1571 3528 1643 et
3563 1567 3847 1664 legitur
3881 1567 4044 1662 ipse

1177 1686 1390 1762 locus
1445 1687 1539 1763 de
1594 1689 2014 1785 evangelie,
2070 1691 2203 1765 ubi
2242 1691 2440 1765 dixit
2474 1691 2859 1789 discipulis
2895 1694 3088 1768 suis:
3137 1697 3170 1731 “
3206 1693 3561 1790 Vigilate,
3596 1714 3695 1768 ne
3732 1690 4044 1766 intretis

1177 1811 1260 1886 in
1313 1814 1924 1909 temptationem.
1961 1871 1994 1904 ,‚
2041 1815 2142 1890 Et
2178 1819 2424 1890 omnis
2463 1818 2619 1913 ipse
2657 1818 2867 1892 locus
2903 1819 3322 1915 perlegitur
3359 1819 3505 1893 ibi:
3546 1822 3627 1893 et
3663 1818 3756 1893 fit
3793 1818 4044 1894 denuo

1179 1939 1452 2013 orati0.
1491 1938 1751 2013 Etiam
1805 1940 1983 2016 inde
2036 1964 2210 2015 cum
2262 1941 2517 2038 ymnis
2571 1964 2810 2038 usque
2865 1943 2960 2016 ad
3010 1943 3409 2018 minimum
3445 1942 3697 2016 infans
3745 1943 3825 2016 in
3864 1942 4044 2017 Ges-

1178 2063 1474 2136 samani
1527 2063 1845 2159 pedibus
1898 2086 2071 2138 cum
2136 2065 2484 2161 episcopo
2548 2065 3043 2141 descendent:
3117 2067 3253 2141 ubi
3323 2089 3457 2162 pre
3529 2070 3691 2141 tam
3765 2088 4046 2161 magna

1176 2188 1414 2264 turba
1450 2187 1993 2280 multitudiniS,
2033 2191 2116 2264 et
2151 2189 2461 2285 fatigati
2499 2190 2592 2264 de
2627 2189 2911 2286 vigiliis
2949 2193 3031 2265 et
3064 2189 3370 2264 ieiuniis
3398 2189 3799 2266 cotidianis
3836 2189 4041 2279 lassi,

1178 2313 1363 2409 quia
1414 2314 1581 2386 tam
1636 2334 1998 2409 magnum
2053 2317 2395 2389 montem
2448 2334 2747 2389 necesse
2800 2314 3088 2389 habent
3141 2314 3612 2403 descendere,
3681 2314 3890 2389 lente
3955 2315 4037 2387 et
4142 2310 4146 2314 ⁴

1177 2436 1388 2513 lente
1441 2458 1617 2513 cum
1669 2435 1922 2533 ymnis
1976 2437 2285 2514 venitur
2339 2437 2419 2510 in
2465 2436 2933 2513 Gessamani.
2973 2437 3347 2513 Candelae
3385 2439 3651 2513 autem
3696 2436 4045 2513 ecclesia·

1182 2552 1461 2637 sticae⁸
1496 2583 1724 2656 super
1760 2561 2136 2637 ducentae
2188 2564 2506 2656 paratae
2558 2564 2742 2636 sunt
2794 2565 3107 2657 propter
3159 2561 3421 2636 lumen
3475 2560 3684 2635 omni
3735 2560 4043 2658 popu10.

1188 2684 1379 2759 Cum
1414 2706 1593 2781 ergo
1629 2689 2081 2781 perventum
2120 2685 2356 2762 fuerit
2390 2685 2472 2758 in
2510 2684 2975 2778 Gessamani,
3014 2686 3106 2761 fit
3139 2688 3470 2783 primum
3524 2686 3772 2760 oratio
3826 2687 4035 2781 apta,

1187 2810 1295 2886 sic
1348 2810 1629 2885 dicitur
1680 2831 1999 2908 ymnus:
2055 2809 2244 2886 item
2298 2811 2587 2906 legitur
2638 2811 2770 2886 ille
2823 2811 3032 2885 locus
3068 2811 3161 2886 de
3197 2811 3616 2907 evangelie,
3666 2810 3798 2884 ubi
3834 2831 4037 2884 com-

1185 2934 1602 3030 prehensus
1648 2936 1766 3008 est
1801 2933 2194 3009 Dominus.
2236 2933 2379 3020 Qui
2415 2934 2625 3009 locus
2662 2933 2758 3006 ad
2795 2934 2999 3030 quod
3033 2935 3277 3011 lectus
3314 2934 3573 3026 fuerit,
3611 2935 3880 3007 tantus
3915 2953 4043 3006 ru-

1186 3058 1396 3155 gitus
1431 3061 1512 3133 et
1547 3057 1887 3153 mugitus
1941 3058 2184 3132 totius
2218 3058 2481 3154 populi
2516 3060 2636 3132 est
2670 3080 2845 3134 cum
2878 3059 3090 3149 fletu,
3127 3063 3222 3134 ut
3258 3059 3510 3135 forsan
3549 3079 3772 3156 porro
3810 3056 3908 3130 ad
3945 3056 4050 3132 ci-

1190 3184 1516 3261 vitatem
1553 3182 1884 3279 gemitus
1918 3183 2181 3280 populi
2217 3183 2462 3257 omnis
2497 3183 2810 3258 auditus
2846 3184 2971 3258 sit.
3013 3182 3268 3258 Etiam
3305 3206 3397 3260 ex
3433 3182 3569 3256 illa
3602 3183 3793 3257 hora
3827 3181 4046 3255 hitur

1187 3307 1287 3383 ad
1349 3306 1747 3382 civitatem
1799 3306 2116 3403 pedibus
2188 3328 2364 3381 cum
2416 3306 2668 3403 ymnis
2730 3306 3172 3403 pervenitur
3234 3306 3333 3381 ad
3398 3307 3723 3402 portam,
3780 3306 3861 3381 et
3912 3304 4046 3378 ho·

1185 3456 1299 3527 ra,
1336 3456 1491 3530 qua
1544 3432 1814 3529 incipit
1865 3433 2084 3528 quasi
2138 3432 2366 3506 homo
2421 3433 2808 3507 hominem
2861 3454 3329 3528 cognoscere,
3377 3431 3554 3505 inde
3607 3432 3859 3503 totam
3912 3448 4048 3522 per

1187 3557 1517 3634 mediam
1569 3557 1966 3634 civitatem
2036 3577 2300 3632 omnes
2358 3578 2594 3652 usque
2648 3556 2746 3629 ad
2799 3580 3041 3630 unum
3063 3614 3080 3648 ,
3138 3556 3461 3631 maiores
3516 3558 3750 3649 atque
3806 3551 4052 3626 mino-

1187 3705 1330 3773 reS,
1389 3682 1689 3773 diviteS,
1743 3702 2136 3776 pauperes,
2189 3681 2344 3755 toti
2397 3681 2504 3754 ibi
2558 3680 2835 3777 parati,
2892 3680 3321 3776 specialiter
3383 3680 3519 3753 illa
3592 3679 3713 3753 die
3790 3679 4051 3753 nullus

1187 3806 1474 3882 recedit
1526 3829 1574 3879 a
1628 3805 1909 3901 vigiliis
1961 3807 2335 3902 usquein
2389 3828 2636 3881 mane.
2696 3805 2817 3880 Sic
2868 3805 3271 3880 deducitur
3323 3805 3712 3900 episcopus
3766 3828 3814 3879 a
3868 3803 4047 3880 Ges-

1188 3931 1478 4007 semani
1531 3952 1771 4027 usque
1827 3930 1925 4005 ad
1977 3934 2306 4027 portam,
2365 3934 2447 4007 et
2500 3930 2675 4006 inde
2729 3952 2862 4026 per
2914 3932 3165 4004 totam
3219 3930 3614 4005 civitatem
3658 3951 3899 4026 usque
3952 3927 4050 4002 ad

1189 4057 1527 4133 Crucem.
1584 4054 1789 4155 Amte
1843 4055 2158 4133 Crucem
2211 4058 2475 4131 autem
2513 4058 2598 4130 at
2635 4055 2770 4129 ubi
2805 4057 3126 4130 ventum
3164 4053 3422 4145 fuerit,
3460 4054 3618 4128 iam
3652 4054 3789 4128 lux
3824 4051 4047 4150 quasi

1187 4181 1396 4257 clara
1447 4180 1717 4276 incipit
1768 4201 1952 4256 esse.
2015 4179 2135 4254 Ibi
2191 4179 2441 4255 denuo
2497 4178 2780 4274 legitur
2833 4177 2963 4253 ille
3014 4177 3225 4253 locus
3280 4177 3376 4254 de
3444 4176 3863 4274 evangeli0,
3918 4175 4054 4250 ubi

1357 4543 1376 4582 ¹
1407 4545 1559 4609 Luc.
1600 4545 1856 4625 XXIII,
1898 4566 1959 4609 v.
2000 4548 2099 4607 41.

1354 4645 1378 4681 ²
1406 4645 1689 4707 Ecclesia
1726 4643 1793 4706 in
1831 4644 1966 4706 loco
2009 4643 2431 4722 Gethsemani,
2476 4644 2761 4707 absoluta
2797 4641 2923 4706 fuit
2969 4651 3244 4722 tempore
3284 4641 3347 4705 S.
3388 4641 3774 4723 Hieronymi,
3807 4650 3881 4703 ut
3917 4641 4058 4722 ipse

1194 4741 1445 4805 scribit:
1491 4765 1524 4800 ‹
1548 4742 1973 4821 Gethsemani,
2014 4742 2187 4803 locus
2226 4742 2335 4803 ubi
2376 4742 2663 4807 Salvator
2721 4752 2868 4803 ante
2925 4741 3277 4821 passionem
3317 4741 3537 4802 oravit.
3578 4741 3695 4802 Est
3731 4746 3936 4801 autem
3977 4738 4058 4801 ad

1195 4840 1437 4902 radices
1477 4839 1706 4901 montis
1749 4838 1983 4901 Oliveti
2021 4859 2183 4901 nunc
2244 4839 2506 4902 ecclesia
2547 4839 2817 4920 desuper
2877 4838 3217 4901 aedificata.
3242 4860 3273 4896 ι
3319 4838 3405 4899 Et
3440 4839 3598 4901 bene
3638 4837 4058 4916 Hieronymus

1197 4955 1332 4997 eam
1373 4935 1646 5015 desuper
1683 4934 1880 4997 fuisse
1918 4936 2168 5014 indicat,
2210 4936 2498 5015 quoniam
2537 4936 2945 4997 Gethsemani
2984 4935 3076 4997 ire
3117 4934 3472 4997 volentibus
3515 4940 3651 4996 erat
3688 4933 4060 4996 descenden-

1197 5033 1363 5095 dum.
1403 5035 1612 5095 Antea
1650 5033 1868 5096 fideles
1911 5053 1983 5095 eo
2023 5034 2088 5095 in
2127 5033 2260 5095 loco
2300 5054 2518 5113 preces
2557 5033 2765 5096 facere
2807 5033 3205 5095 consuevisse
3241 5032 3440 5093 refert
3492 5031 3571 5093 ad
3624 5052 3685 5094 v.
3727 5031 4057 5094 Eusebius.

1198 5130 1426 5192 Errant
1464 5130 1674 5208 igitur,
1716 5129 1821 5207 qui
1863 5138 2086 5209 putant
2128 5130 2597 5192 Constantinum
2639 5151 2774 5192 eam
2817 5130 3139 5193 ecclesiam
3179 5128 3572 5191 aedificasse:
3616 5149 3773 5207 quae
3821 5135 4058 5208 postea,

1198 5227 1443 5289 saeculo
1484 5226 1682 5290 ferme
1723 5227 1956 5306 quinto,
1998 5247 2221 5290 nomen
2260 5227 2323 5289 S.
2365 5227 2599 5290 Mariae
2641 5228 2896 5306 accepit,
2937 5226 3099 5305 quod
3142 5225 3275 5289 eius
3315 5226 3404 5289 ibi
3446 5232 3658 5289 extare
3712 5226 4062 5307 sepulcrum

1199 5324 1571 5404 crederetur,
1616 5333 1680 5387 et
1719 5325 2011 5387 creditur.

1247 5517 1261 5532 .
1354 5421 1379 5458 ³
1410 5418 1722 5486 Candelae
1763 5423 2224 5488 ecclesiasticae
2263 5423 2498 5488 funalia
2538 5423 2735 5488 fuisse
2774 5424 3083 5503 videntur,
3125 5443 3283 5502 quae
3323 5429 3501 5488 erant
3538 5423 3846 5504 disposita
3877 5443 4060 5487 secus

1201 5535 1384 5584 vim.
