4642 6650
1204 723 1292 790 96
2186 748 2241 793 s.
2287 747 2552 793 savum
2594 748 3090 797 pausaturum

1198 963 1282 1035 et
1333 960 1760 1054 profertur;
1817 964 2130 1057 ponitur
2182 965 2264 1037 in
2319 987 2581 1039 mensa
2636 988 2868 1060 quam
2923 966 3217 1061 lignum
3273 967 3535 1058 crucis,
3584 989 3815 1061 quam
3869 967 4059 1041 titu-

1194 1076 1376 1158 lus¹.
1419 1084 1606 1159 Cum
1645 1109 1824 1181 ergo
1878 1089 2218 1184 positum
2273 1089 2512 1163 fuerit
2563 1090 2647 1162 in
2698 1111 2983 1179 mensa,
3032 1091 3425 1185 episcopus
3462 1090 3731 1164 sedens
3770 1091 3862 1165 de
3898 1114 4063 1164 ma-

1194 1208 1422 1284 nibus
1475 1211 1632 1285 suis
1686 1212 2171 1287 summitates
2227 1213 2319 1287 de
2374 1214 2584 1309 ligno
2640 1217 2903 1288 sancto
2966 1218 3295 1310 premet:
3374 1214 3724 1290 diacones
3800 1220 4064 1289 autem

1192 1331 1275 1404 in
1312 1333 1478 1428 giro
1508 1337 1794 1409 stantes
1830 1337 2257 1411 custodent.
2296 1336 2462 1412 Hoc
2497 1343 2761 1413 autem
2799 1341 3203 1433 propterea
3241 1338 3348 1412 sic
3385 1338 3840 1429 custoditur,
3881 1340 4063 1434 quia

1194 1459 1668 1533 consuetudo
1723 1462 1863 1551 est,
1925 1463 2016 1533 ut
2069 1484 2268 1534 unus
2327 1464 2408 1537 et
2461 1485 2660 1535 unus
2716 1463 2960 1536 omnis
3015 1463 3340 1558 populus
3392 1464 3730 1553 venienS,
3770 1466 3938 1537 tam
3973 1463 4062 1535 fi-

1193 1579 1400 1657 deles
1439 1605 1671 1678 quam
1709 1584 2240 1676 cathecumini,
2281 1586 2661 1660 aeclinant
2697 1608 2776 1661 se
2815 1587 2909 1660 ad
2949 1607 3332 1674 mensam;
3373 1586 3812 1661 osculentur
3848 1610 4061 1661 sanc-

1187 1707 1359 1778 tum
1413 1706 1733 1801 lignum,
1792 1711 1876 1781 et
1916 1712 2480 1804 pertranseunt.
2521 1709 2622 1782 Et
2659 1710 3049 1804 quoniam,
3088 1710 3339 1786 nescio
3379 1710 3712 1806 quandO,
3754 1710 4057 1802 dicitur,

1189 1829 1500 1925 quidam
1556 1829 1835 1905 fixisset
1906 1855 2242 1907 morsum
2307 1837 2390 1908 et
2442 1833 2773 1908 furasset
2826 1838 3093 1910 sancto
3166 1836 3373 1931 ligno
3394 1826 3444 1907 ²:
3519 1834 3691 1909 ideo
3743 1857 3948 1909 nunc
4013 1858 4060 1908 a

1187 1953 1654 2046 diaconibu8‚
1714 1957 1848 2051 qui
1901 1957 1980 2030 in
2035 1957 2201 2052 giro
2256 1961 2496 2047 stant,
2553 1958 2662 2032 sic
2717 1958 3173 2047 custoditur,
3223 1980 3320 2032 ne
3357 1957 3526 2053 quis
3563 1957 3876 2032 veniens
3922 1980 4057 2030 au-

1189 2075 1372 2150 deat
1426 2077 1673 2152 denuo
1730 2078 1836 2154 sic
1889 2078 2163 2154 facere.
2220 2081 2332 2156 Ac
2385 2082 2492 2154 sic
2546 2103 2725 2177 ergo
2780 2083 3028 2156 omnis
3096 2083 3420 2178 populus
3489 2082 3795 2167 transit,
3860 2103 4059 2154 unus

1187 2202 1271 2273 et
1323 2224 1544 2291 unus,
1602 2202 1755 2276 toti
1809 2202 2271 2277 acclinantes
2325 2225 2428 2294 se,
2485 2204 2816 2299 primum
2875 2204 2966 2277 de
3022 2204 3279 2279 fronte
3333 2204 3439 2278 sic
3477 2204 3569 2278 de
3608 2203 3845 2278 oculis
3882 2206 4056 2277 tan-

1185 2326 1452 2419 gentes
1485 2347 1788 2400 crucem
1824 2329 1905 2400 et
1939 2326 2302 2400 titulum:
2345 2331 2429 2401 et
2482 2329 2588 2403 sic
2642 2330 3073 2403 osculantes
3112 2351 3409 2404 crucem
3469 2331 4056 2424 pertranseunt:

1187 2471 1502 2523 manum
1558 2453 1823 2524 autem
1877 2472 2102 2525 nemo
2158 2451 2410 2525 mittit
2445 2452 2543 2525 ad
2579 2454 3075 2548 tangendum.
3116 2452 3225 2526 At
3263 2453 3397 2525 ubi
3432 2455 3697 2526 autem
3737 2451 4060 2525 osculati

1186 2572 1480 2648 fuerint
1533 2596 1854 2664 crucem,
1912 2577 2524 2670 pertransierint,
2566 2580 2733 2651 stat
2789 2579 3176 2669 diaconus,
3236 2580 3457 2652 tenet
3493 2578 3811 2650 anulum
3851 2575 4059 2650 Salo-

1187 2697 1457 2790 monis,
1514 2702 1595 2773 et
1648 2721 1883 2773 cornu
1934 2699 2154 2790 illud,
2213 2700 2307 2775 de
2360 2724 2510 2797 quo
2547 2723 2781 2798 reges.
2815 2692 3420 2799 unguebantur&
3461 2701 3942 2775 osculantur:
3981 2703 4063 2775 et

1188 2843 1425 2897 cornu
1480 2823 1888 2899 attendent
1939 2827 2021 2899 et
2073 2825 2394 2898 anulum
3639 2825 3893 2899 minus
3947 2845 4060 2898 se-

1189 2947 1438 3023 cunda
1461 2937 1492 2981 ⁴
3823 2970 4064 3043 usque

1352 3291 1371 3328 ¹
1401 3292 1676 3355 Titulum
1696 3291 1896 3356 crucis
1925 3313 2064 3355 cum
2096 3314 2277 3356 cruce
2307 3293 2610 3357 Helenam
2639 3294 2950 3375 reperisse
2979 3296 3323 3377 accepimus
3345 3317 3383 3358 a
3403 3295 3844 3376 Chrysostomo
3868 3293 4065 3376 (Orat.

1188 3387 1257 3449 in
1295 3390 1510 3451 Ioann.
1554 3411 1605 3451 c.
1648 3391 1773 3471 84),
1816 3398 1882 3452 et
1919 3391 2140 3451 Rufino
2185 3391 2377 3472 (Hist.
2421 3392 2586 3453 Eccl.
2629 3392 2714 3469 X,
2755 3394 2818 3472 8)
2863 3399 2928 3453 et
2969 3392 3219 3453 Socrate
3260 3393 3528 3471 allegato
3573 3393 3760 3453 etiam
3798 3389 3864 3451 in
3892 3392 4060 3451 Hist.

1188 3486 1530 3567 Tripartita
1572 3489 1700 3569 (lib.
1743 3489 1833 3566 Π,
1876 3509 1927 3551 c.
1973 3490 2094 3570 17).
2135 3490 2212 3550 In
2241 3489 2456 3550 Crucis
2496 3489 2774 3550 cubiculo
2816 3496 3102 3551 servatus
3138 3498 3273 3552 erat
3312 3510 3507 3567 usque
3549 3489 3628 3550 ad
3671 3487 4061 3549 ecclesiarum

1185 3584 1866 3666 hierosolymitanam
1910 3588 2294 3649 eversionem
2336 3609 2373 3648 a
2414 3587 2688 3649 Chosroe
2735 3589 3064 3649 Persarum
3105 3608 3257 3667 rege
3294 3594 3630 3667 patratam:
3672 3606 3814 3648 nam
3855 3587 4064 3646 Anto-

1185 3682 1370 3744 ninus
1409 3683 1584 3743 illum
1611 3684 1790 3763 vidit,
1834 3684 2237 3762 adoravitque
2271 3686 2350 3766 (a.
2394 3687 2536 3747 circ.
2580 3685 2758 3766 570):
2807 3709 2837 3744 ε
2861 3687 3152 3761 Titulum,
3182 3686 3284 3763 qui
3327 3706 3514 3764 super
3553 3691 3737 3764 caput
3775 3685 3926 3745 Iesu
3963 3704 4065 3762 po-

1189 3779 1348 3840 situs
1390 3789 1541 3857 erat,
1574 3788 1639 3842 et
1662 3782 1727 3842 in
1758 3801 1876 3859 quo
1907 3782 2206 3861 scriptum
2234 3790 2333 3844 est
2359 3821 2435 3829 —
2457 3787 2639 3844 Iesus
2672 3785 3045 3845 Nazarenus
3085 3787 3223 3845 Rem
3262 3787 3645 3845 Iudaeorum
3684 3818 3762 3828 -
3801 3781 3954 3860 vidi,
3995 3788 4060 3844 et

1187 3877 1253 3938 in
1292 3898 1478 3939 manu
1518 3899 1656 3940 mea
1694 3879 1884 3957 tenui,
1930 3888 1994 3941 et
2036 3880 2348 3942 osculatus
2391 3900 2526 3941 sum
2552 3905 2584 3938 ι
2634 3880 2790 3961 (cap.
2828 3883 2952 3963 20).

1347 3974 1371 4010 ²
1398 3976 1686 4037 Meminit
1725 3977 2066 4056 Procopius
2111 3979 2294 4058 (Bell.
2338 3979 2512 4039 Pers.
2554 3978 2596 4039 1.
2637 3980 2726 4057 H,
2756 3999 2886 4058 cap.
2920 3980 3020 4060 11)
3051 3980 3375 4056 quemdam
3410 3978 3634 4058 Syrum
3676 3982 4061 4056 segmentum

1189 4073 1410 4135 Crucis
1450 4073 1715 4151 furasse,
1758 4074 1921 4152 quod
1961 4076 2273 4154 Apameae
2319 4078 2685 4138 servabatur
2737 4097 2876 4139 cum
2931 4098 3155 4156 magna
3208 4077 3606 4140 veneratione
3622 4099 3639 4155 ;
3687 4096 3808 4138 non
3859 4083 4065 4137 autem

1187 4178 1385 4232 totum
1426 4172 1666 4250 lignum
1706 4171 1942 4233 furavit
1979 4194 2206 4250 morsu,
2250 4173 2396 4251 quia
2434 4175 2701 4236 cubitale
2743 4181 2896 4235 erat.

1345 4269 1370 4306 ³
1398 4270 1673 4337 Anulum
1714 4270 2059 4331 Salomonis
2100 4279 2165 4332 et
2207 4292 2398 4333 cornu
2438 4272 2682 4350 regium
2732 4294 2771 4334 a
2807 4273 3194 4351 Vespasiano
3235 4272 3495 4333 Romam
3534 4273 3725 4333 allata
3765 4291 3906 4332 esse
3944 4291 4066 4332 una

1187 4386 1323 4430 cum
1352 4368 1658 4429 manubiis
1699 4368 1916 4447 templi
1943 4367 2174 4430 iudaici
2199 4389 2323 4430 non
2351 4369 2483 4430 sine
2511 4370 2776 4448 quadam
2805 4390 2991 4432 causa
3019 4370 3318 4450 suspicor,
3347 4377 3569 4455 postea
3596 4390 3632 4430 a
3660 4368 4064 4430 Constantino

1186 4466 1288 4527 vel
1330 4485 1367 4526 a
1408 4466 1771 4528 Constantio
1814 4466 2115 4528 ecclesiae
2143 4467 2493 4544 Golgothae
2522 4487 2831 4531 concessa.
2865 4468 3261 4547 Compertum
3288 4468 3450 4529 enim
3480 4474 3581 4528 est
3607 4466 3885 4547 eiusdem
3907 4473 4060 4528 tem-

1187 4563 1279 4643 pli
1319 4584 1474 4625 vasa
1512 4564 1748 4627 Romae
1790 4563 1869 4624 ad
1911 4571 2248 4627 extremum
2290 4585 2486 4644 usque
2527 4574 2770 4646 tempus
2811 4574 3059 4628 servata
3100 4586 3258 4642 esse,
3301 4585 3456 4643 quae
3498 4566 3876 4629 Gensericus
3903 4566 4063 4628 Van-

1189 4660 1466 4721 dalorum
1506 4681 1617 4723 rex
1655 4661 1863 4741 rapuit
1906 4668 1971 4722 et
2011 4662 2078 4722 in
2117 4661 2394 4723 Africam
2436 4663 2780 4741 asportavit
2837 4664 3119 4743 (Procop.
3161 4661 3324 4724 Bell.
3365 4661 3628 4723 Vandal.
3670 4663 3713 4724 1.
3752 4664 3844 4739 11,
3886 4682 3935 4724 c.
3980 4664 4063 4743 9).

1189 4758 1448 4820 Saeculo
1490 4766 1665 4820 sexto
1709 4758 1789 4819 de
1827 4766 2088 4836 utroque
2143 4760 2375 4821 mentio
2432 4760 2631 4821 adhuc
2684 4760 2757 4821 fit
2812 4781 2849 4820 a
2899 4759 3437 4839 peregrinantibus
3491 4780 3604 4839 per
3651 4759 3787 4821 loca
3829 4774 4062 4822 sancta.

1186 4854 1452 4915 Breviar
1493 4854 1572 4915 de
1611 4854 1800 4915 Hier:
1848 4878 1880 4913 ‹
1902 4856 2027 4916 Ubi
2072 4856 2162 4936 (in
2202 4855 2480 4918 cubiculo
2524 4856 2765 4937 Crucis)
2811 4862 2908 4917 est
2947 4855 3106 4916 illud
3145 4875 3352 4932 cornu,
3407 4874 3525 4933 quo
3578 4854 3787 4915 David
3838 4861 4061 4915 unctus

1188 4958 1289 5013 est
1331 4957 1395 5012 et
1436 4951 1742 5028 Salomon,
1786 4961 1852 5013 et
1890 4952 1999 5013 ille
2039 4953 2261 5014 anulus
2301 4953 2554 5029 ibidem,
2594 4954 2758 5016 unde
2801 4954 3087 5014 Salomon
3129 4952 3436 5030 sigillavit
3483 4971 3816 5030 sermones,
3858 4960 3924 5013 et
3964 4958 4064 5013 est

1190 5048 1269 5110 de
1311 5049 1559 5110 electro.
1585 5072 1616 5107 »
1665 5048 1762 5110 Cf.
1805 5049 2242 5128 Theodosium,
2285 5052 2326 5130 ξ
2367 5052 2425 5111 3.

1349 5146 1375 5179 ⁴
1401 5145 1620 5207 Lauda
1660 5145 1939 5206 monachi
1973 5145 2381 5225 diligentiam,
2423 5148 2529 5225 qui
2570 5147 2893 5226 archetypi
2949 5146 3320 5226 scripturam
3374 5146 3508 5208 sive
3565 5146 3889 5207 evanidam
3928 5146 4061 5207 sive

1188 5242 1395 5303 lacera
1417 5241 1634 5303 charta
1661 5242 2049 5320 deperditam
2088 5243 2408 5321 indicavit,
2438 5264 2560 5305 uno
2591 5252 2657 5306 et
2681 5244 2876 5306 altero
2904 5243 3100 5322 hiatu,
3129 5263 3377 5329 versum
3401 5244 3876 5322 interrumpens.
3906 5241 4063 5303 Scri-

1189 5346 1404 5421 pserat
1445 5340 1609 5402 enim
1649 5345 1921 5403 secunda
1948 5342 2143 5421 feria,
2186 5342 2300 5403 sed
2339 5362 2551 5404 vocem
2580 5344 2756 5423 feria
2795 5342 3021 5404 deinde
3065 5342 3375 5421 expunxit.
3416 5342 3648 5402 Parum
3688 5341 3896 5402 deest:
3942 5341 4062 5402 de·-

1191 5437 1483 5498 scribitur
1523 5445 1726 5500 autem
1767 5437 2045 5499 adoratio
2096 5438 2296 5501 crucis
2350 5459 2387 5500 a
2427 5439 2689 5518 sing-ulis
2729 5445 2999 5519 peracta,
3041 5457 3196 5516 quae
3235 5443 3492 5517 propter
3530 5437 3741 5518 populi
3790 5436 4062 5498 multitu·

1191 5533 1400 5595 dinem
1439 5555 1478 5596 a
1516 5534 1787 5596 secunda
1824 5534 1976 5597 hora
2014 5534 2141 5598 diei
2180 5535 2259 5598 ad
2300 5537 2512 5599 horam
2550 5556 2749 5616 usque
2790 5544 3032 5600 sextam
3071 5536 3561 5618 protrahebatur.
