4642 6650
1439 721 1529 766 An
1573 719 1747 767 Loca
1792 719 2048 767 81110111
2093 719 2200 767 nt.
2250 725 2454 769 asu-uos
3289 705 3373 771 81

510 940 794 1036 ubique
847 931 986 1013 fit¹
1047 939 1169 1014 die
1208 939 1608 1016 dominica.
1650 942 1846 1017 Sane
1883 942 2065 1038 quia
2117 941 2240 1017 1110
2293 941 2761 1017 consuetudo
2816 940 2924 1015 sic
2961 941 3103 1030 est,
3154 941 3247 1013 ut
3283 937 3378 1015 de

512 1063 864 1138 omnibus
916 1065 1379 1158 presbiteris,
1438 1067 1571 1161 qui
1626 1067 1914 1155 sedent,
1965 1067 2238 1162 quanti
2273 1066 2575 1159 volunt,
2614 1064 3046 1159 predicent:
3088 1066 3170 1139 et
3204 1066 3385 1159 post

510 1187 681 1262 illos
735 1209 996 1262 omnes
1052 1188 1442 1283 episcopus
1487 1189 1870 1284 predicat:
1912 1212 2108 1284 quae
2145 1188 2700 1283 predicationes
2741 1192 3148 1283 propterea
3187 1208 3384 1261 sem·

511 1331 648 1407 per
677 1311 1071 1385 dominicis
1109 1296 1375 1384 diebus
1405 1316 1609 1402 sunt,
1651 1315 1742 1385 ut
1770 1334 2063 1407 semper
2092 1312 2492 1386 erudiatur
2520 1311 2843 1406 populus
2872 1312 2952 1383 in
2982 1310 3381 1405 scripturis

517 1438 599 1508 et
626 1435 706 1509 in
732 1435 875 1510 Dei
903 1435 1310 1511 dilectione
1327 1426 1377 1507 ²:
1402 1458 1598 1530 quae
1630 1436 2182 1531 predicationes
2212 1437 2395 1510 dum
2424 1437 2806 1525 dicuntur,
2830 1437 3136 1532 grandis
3168 1457 3382 1509 mora

513 1557 628 1647 fit,
683 1562 775 1631 ut
811 1557 951 1632 fiat
985 1559 1218 1633 missa
1254 1558 1648 1633 ecclesiae:
1690 1562 1770 1632 et
1807 1558 1976 1633 ideo
2015 1561 2197 1634 ante
2233 1562 2594 1654 quartam
2648 1560 2940 1648 horam,
2982 1562 3123 1633 aut
3177 1558 3386 1633 forte

516 1682 890 1776 quintam,
950 1684 1179 1756 missa
1234 1682 1429 1773 (non)
1479 1682 1590 1756 fit.
1632 1682 1739 1756 At
1774 1683 1907 1755 ubi
1945 1686 2207 1757 autem
2246 1684 2477 1757 missa
2513 1682 2720 1757 facta
2757 1682 2994 1758 fuerit
3031 1681 3387 1757 ecclesiae

515 1808 736 1880 iuxta
790 1808 1441 1898 consuetudinem,
1500 1830 1653 1902 qua
1706 1810 1789 1880 et
1842 1808 2125 1903 ubique
2180 1807 2306 1895 fit;
2363 1810 2552 1882 tunc
2605 1808 2699 1883 de
2754 1808 3069 1883 ecclesia
3122 1829 3384 1880 mona·

518 1933 781 2006 zontes
837 1953 1011 2005 cum
1066 1933 1318 2028 ymnis
1373 1932 1665 2007 ducunt
1718 1932 2150 2027 episcopum
2208 1954 2445 2027 usque
2514 1932 2612 2005 ad
2677 1932 3138 2006 Anastasim.
3198 1930 3385 2004 Cum

518 2058 778 2128 autem
833 2057 1120 2151 ceperit
1174 2056 1566 2150 episcopus
1602 2054 1884 2144 venire,
1926 2056 2378 2151 aperiuntur
2417 2056 2671 2129 omnia
2707 2057 2908 2131 ostia
2945 2056 3038 2131 de
3076 2054 3390 2129 basilica

520 2178 941 2254 Anastasia
998 2180 1256 2253 Intrat
1309 2181 1555 2253 omnis
1609 2179 1956 2275 populus,
2014 2179 2261 2254 fidelis
2297 2183 2605 2255 tamen:
2644 2204 2825 2254 nam
2881 2177 3391 2255 cathecumini

521 2324 676 2377 non
701 2294 749 2377 ³.
803 2302 905 2377 Et
941 2306 1028 2377 at
1065 2304 1197 2377 ubi
1233 2304 1648 2378 intraverit
1683 2303 2035 2398 populus,
2076 2303 2325 2377 intrat
2362 2305 2780 2399 episcopuS,
2817 2306 2899 2379 et
2952 2304 3220 2377 statim
3274 2301 3388 2375 in·

521 2426 868 2521 greditur
919 2428 1129 2502 intra
1182 2429 1550 2503 cancellos
1600 2428 1954 2523 martyrii
1992 2427 2418 2523 speluncae.
2461 2428 2803 2501 Primum
2841 2431 3180 2522 aguntur
3216 2449 3387 2522 gra·

522 2533 680 2624 tiae
737 2551 920 2642 Dec,
960 2556 1041 2626 et
1074 2552 1182 2627 sic
1233 2551 1324 2626 fit
1378 2552 1626 2627 oratio
1681 2573 1818 2648 pro
1858 2552 2256 2625 omnibus:
2296 2552 2785 2647 postmodum
2825 2552 3086 2627 mittet
3127 2573 3387 2626 vocem

523 2673 908 2766 (1100011118,
965 2678 1047 2751 01
1100 2675 1462 2765 inclinent
1516 2675 1772 2771 capita
1826 2697 1967 2748 sua
2022 2697 2307 2766 omnes,
2367 2675 2748 2770 quomodo
2803 2677 3059 2749 stant:
3134 2678 3215 2749 et
3284 2674 3391 2748 sic

520 2798 915 2874 benedicet
966 2821 1096 2873 eos
1151 2800 1543 2895 episcopus
1596 2803 1811 2874 stans
1864 2798 2071 2873 intro
2128 2798 2500 2873 cancellos
2555 2799 2980 2890 interiores,
3042 2801 3124 2873 et
3176 2801 3386 2892 post·

524 2923 834 2998 modum
888 2923 1299 3020 egreditur.
1356 2923 1801 3019 Egredienti
1854 2926 2119 2998 autem
2190 2923 2536 3019 episcopo
2611 2945 2873 2998 omnes
2951 2923 3048 2998 ad
3117 2946 3389 2996 manus

524 3046 903 3122 accedent.
935 3046 1044 3121 Ac
1080 3047 1186 3122 sic
1222 3049 1364 3137 est,
1407 3050 1498 3120 ut
1532 3068 1765 3143 prope
1801 3068 2042 3142 usque
2081 3045 2179 3120 ad
2216 3046 2562 3142 quintam
2607 3050 2748 3120 aut
2786 3050 3083 3121 sextam
3120 3046 3390 3121 horam

522 3171 948 3267 protraitur
1002 3171 1254 3246 missa.
1312 3172 1509 3246 Item
1567 3174 1647 3246 et
1693 3172 1792 3245 ad
1829 3171 2263 3246 lucernares
2301 3172 2657 3246 similiter
2693 3171 2784 3245 fit
2822 3172 3040 3245 iuxta
3078 3194 3388 3247 consue·

526 3293 871 3369 tudinem
926 3293 1411 3370 cotidianam.
1468 3293 1678 3368 Haec
1758 3315 1936 3389 ergo
2011 3294 2483 3369 consuetudo
2557 3295 2875 3390 singulis
2950 3294 3216 3370 diebus
3279 3295 3395 3370 ita

524 3438 660 3513 per
712 3421 971 3492 totum
1006 3440 1293 3491 annum
1358 3417 1862 3507 custodiatur,
1904 3417 2237 3511 exceptis
2281 3417 2547 3491 diebus
2585 3418 3075 3509 solemnibuS‚
3118 3420 3394 3514 quibus

527 3546 608 3615 et
661 3542 840 3639 ipsis
894 3542 1534 3638 quemadmodum
1589 3541 1729 3616 fiat
1783 3542 1988 3615 infra
2050 3542 2618 3617 annotabimus.
2676 3542 2839 3617 Hoc
2893 3546 3153 3618 autem
3194 3545 3396 3618 inter

526 3668 783 3739 omnia
835 3668 1023 3740 satis
1077 3666 1522 3763 precipuum
1577 3670 1720 3753 est,
1776 3667 1980 3761 quod
2036 3667 2355 3757 faciunt,
2407 3672 2499 3740 ut
2542 3667 2837 3762 psalmi,
2877 3668 3001 3742 vel
3038 3667 3392 3764 antipho·

527 3814 696 3882 nae,
745 3793 907 3887 apti
945 3813 1239 3888 semper
1276 3791 1654 3885 dicantur,
1693 3794 1865 3864 tam·
1897 3792 2029 3885 qui
2065 3794 2290 3865 nocte
2334 3791 2714 3883 dicuntur,
2754 3795 2919 3865 tam
2957 3794 3088 3887 qui
3127 3795 3396 3866 contra

526 3919 865 3989 mature:
922 3918 1084 3989 tam
1141 3916 1375 3990 etiam
1431 3917 1563 4009 qui
1616 3937 1751 4010 per
1805 3915 2009 3989 diem
2066 3916 2188 3989 vel
2245 3919 2463 3990 sexta
2520 3919 2661 3988 aut
2716 3939 2918 3991 nona
2962 3916 3087 3991 vel
3125 3916 3223 3989 ad
3275 3917 3392 3988 lu·

528 4060 837 4114 cernare
892 4061 1185 4134 semper
1239 4040 1354 4112 ita
1409 4040 1571 4133 apti
1626 4041 1706 4113 et
1760 4039 1875 4112 ita
1931 4040 2370 4129 rationaleS,
2414 4043 2505 4113 ut
2560 4039 2657 4113 ad
2712 4040 2955 4134 ipsam
3009 4062 3171 4115 rem
3227 4062 3393 4135 per-

527 4164 853 4254 tineant,
910 4186 1105 4259 quae
1158 4164 1438 4258 agitur.
1495 4163 1597 4236 Et
1651 4185 1823 4237 cum
1876 4165 2048 4236 toto
2105 4184 2304 4236 anno
2363 4186 2656 4258 semper
2707 4164 3084 4239 dominica
3141 4165 3261 4239 die
3317 4165 3397 4237 in

528 4288 839 4364 ecclesia
874 4288 1161 4362 maiore
1195 4288 1673 4395 procedatur,
1714 4287 1789 4359 id
1829 4290 1948 4362 est
1982 4310 2178 4382 quae
2214 4288 2293 4361 in
2334 4288 2714 4383 Golgotha
2762 4292 2881 4365 est
2917 4289 3028 4380 (id
3068 4293 3185 4363 est
3222 4291 3396 4385 post

531 4411 898 4504 Crucem),
938 4434 1171 4507 quam
1225 4411 1406 4486 fecit
1461 4409 2045 4497 Constantinus;
2103 4434 2259 4485 una
2313 4414 2622 4486 tantum
2678 4412 2798 4487 die
2853 4412 3254 4503 dominica,
3312 4411 3391 4485 id

690 4808 710 4845 ¹
751 4810 1105 4873 Notandum
1148 4810 1305 4871 illud
1343 4813 1569 4888 ubique
1610 4807 1871 4870 inferius
1910 4829 2152 4888 quoque
2191 4809 2543 4889 repetitum,
2585 4831 2702 4889 quo
2743 4811 2891 4872 unio
2932 4831 3055 4873 non
3083 4810 3262 4873 modo
3303 4819 3396 4872 to-

530 4908 655 4969 tius
698 4909 993 4972 ecclesiae
1035 4910 1156 4997 sed
1189 4909 1376 4970 etiam
1418 4909 1551 4968 eius
1592 4908 1751 4968 ritus
1790 4907 2160 4969 universalis
2201 4909 2583 4969 enunciatur.

688 5005 713 5041 ²
739 5006 816 5066 In
835 5006 1096 5067 ecclesia
1117 5005 1455 5086 apostolica
1473 5004 2021 5084 hierosolymitana
2040 5004 2143 5066 die
2165 5004 2469 5066 dominico
2491 5005 2700 5084 plures
2721 5005 2803 5067 ad
2820 5005 3069 5067 libitum
3097 5008 3397 5098 ἱερολόγοι

531 5107 707 5161 erant
746 5108 811 5163 et
850 5108 1218 5164 tractatores
1262 5103 1341 5165 ad
1382 5104 1698 5183 populum:
1745 5124 1820 5165 ex
1860 5123 1977 5182 quo
2020 5123 2197 5164 sacer
2236 5124 2368 5165 11108
2410 5104 2725 5181 profectus
2767 5109 2882 5182 est,
2926 5110 2997 5163 ut
3038 5102 3140 5165 die
3188 5102 3395 5164 domi-

528 5197 667 5258 nico
706 5205 848 5259 ante
891 5198 1263 5269 oblationem
1302 5200 1412 5262 fiat
1440 5201 1747 5279 evangelii
1777 5221 1849 5263 ac
1877 5200 2318 5281 scripturarum
2348 5201 2720 5279 explanatio.

684 5295 710 5331 ⁸
751 5296 1147 5377 Compertum
1188 5305 1305 5375 est,
1348 5299 1802 5362 catechumenis
1841 5318 1967 5359 11011
2005 5297 2259 5361 licuisse
2316 5318 2602 5361 arcanam
2657 5298 2998 5361 doctrinam
3054 5298 3288 5376 audire,
3334 5305 3399 5360 et

533 5393 833 5456 sacrificio
873 5394 1112 5458 adesse.

3016 5507 3135 5587 11'
