4642 6650
4035 11 4587 240 1η

1242 748 1329 813 52
2229 772 2283 816 s.
2333 772 2597 819 savus
2643 774 3136 820 PEREGRJNATIO

1243 1012 1535 1085 campo,
1578 990 1658 1064 in
1697 1013 1845 1087 quo
1884 993 2071 1065 tunc
2110 990 2248 1067 filii
2292 991 2529 1066 Israel
2568 997 2821 1068 castra
2860 994 3209 1070 fixerant.
3250 995 3452 1070 Nam
3490 1000 3572 1070 et
3610 997 4118 1074 fundamenta

1243 1116 1337 1191 de
1392 1116 1662 1191 castris
1716 1116 2050 1191 filiorum
2104 1117 2342 1192 Israel
2417 1122 2498 1193 et
2552 1120 3159 1195 habitationibus
3214 1122 3573 1218 ipsorum,
3615 1124 3747 1196 ubi
3786 1146 4112 1199 commo-

1241 1243 1396 1315 rati
1451 1244 1655 1331 sunt,
1713 1242 1794 1315 in
1849 1264 1938 1316 eo
1993 1243 2158 1317 loco
2216 1243 2296 1316 in
2351 1244 2577 1319 hodie
2631 1250 2926 1340 parent.
2984 1246 3179 1321 Nam
3239 1249 3362 1323 hic
3400 1251 3516 1323 est
3560 1250 3793 1339 locuS,
3835 1250 3925 1323 de
3964 1273 4116 1345 quo

1240 1368 1608 1462 scriptum
1648 1371 1806 1442 est:
1840 1359 1860 1401 ¹
1911 1372 1941 1403 ‘⁴
1980 1368 2082 1441 Et
2120 1369 2622 1464 ploraverunt
2657 1369 2794 1444 filii
2833 1372 3069 1446 Israel
3107 1372 3422 1470 Moysen
3458 1373 3539 1447 in
3567 1372 3864 1448 Arabot
3890 1374 4114 1450 Moab

1239 1496 1321 1566 et
1374 1492 1697 1567 Iordane
1753 1496 2021 1568 contra
2073 1492 2313 1569 Ierico
2371 1495 2885 1592 quadraginta
2942 1498 3205 1571 diebus
3257 1555 3322 1587 „.
3380 1498 3523 1573 Hic
3596 1499 3831 1572 etiam
3905 1500 4114 1574 locus

1240 1620 1380 1709 est,
1438 1618 1571 1691 ubi
1627 1622 1801 1713 post
1872 1641 2248 1694 recessum
2306 1621 2556 1717 Moysi
2628 1624 2894 1696 statim
2951 1622 3161 1698 Iesus
3232 1624 3434 1697 filius
3490 1624 3707 1700 Nave
3778 1625 4116 1720 repletus

1238 1746 1357 1816 est
1410 1743 1685 1839 spiritu
1742 1744 2143 1820 scientiae:
2203 1746 2679 1841 imposuerat
2732 1748 2934 1822 enim
2993 1747 3291 1844 Moyses
3346 1773 3618 1824 manus
3672 1773 3850 1824 suas
3888 1772 4120 1847 super

1240 1890 1439 1959 eum,
1482 1869 1680 1944 sicut
1717 1871 2083 1966 scriptum
2121 1874 2262 1947 est.
2304 1871 2507 1945 Nam
2545 1873 2705 1968 ipse
2742 1877 2862 1949 est
2911 1874 3144 1966 locuS,
3185 1875 3317 1949 ubi
3356 1876 3655 1971 scripsit
3693 1876 3991 1972 Moyses
4030 1878 4118 1951 li-

1238 1993 1463 2066 brum
1499 1994 2076 2070 Deuteronomii
2102 1986 2152 2070 ²:
2184 1997 2307 2071 hic
2338 1997 2573 2073 etiam
2613 2001 2730 2072 est
2765 1999 2999 2090 locus,
3051 2000 3181 2073 ubi
3219 2000 3521 2074 locutus
3560 2003 3679 2074 est
3705 2001 4001 2096 Moyses
4042 2003 4120 2073 in

1238 2140 1459 2193 aures
1485 2119 1731 2193 totius
1769 2120 2129 2195 ecclesiae
2166 2119 2405 2195 Israel
2444 2122 2680 2196 verba
2717 2123 2994 2197 cantici
3030 2145 3271 2218 usque
3311 2125 3391 2196 in
3431 2123 3661 2197 finem
3699 2125 3954 2213 huiuS‚
3986 2124 4119 2219 qui

1238 2245 1564 2340 scriptus
1621 2247 1740 2319 est
1776 2246 1857 2319 in
1908 2246 2104 2321 libro
2161 2239 2822 2322 Deuteronomii³.
2862 2247 3005 2323 Hic
3060 2251 3178 2323 est
3233 2249 3390 2345 ipse
3447 2249 3677 2341 locus,
3711 2250 3842 2323 ubi
3896 2250 4120 2325 bene-

1202 2370 1436 2457 ‚dixit
1471 2372 1781 2445 sanctus
1817 2371 2119 2468 Moyses
2161 2373 2392 2447 homo
2420 2364 2448 2406 ⁴
2505 2372 2597 2447 de
2651 2373 2808 2447 filio
2847 2372 3082 2448 Israel
3120 2373 3568 2469 singulatim
3607 2397 3739 2470 per
3775 2374 4118 2449 ordinem

1237 2498 1420 2570 ante
1478 2497 1773 2571 obitum
1830 2519 2077 2571 suum.
2136 2497 2296 2571 Nos
2356 2519 2536 2593 ergo
2592 2520 2765 2574 cum
2820 2500 3289 2574 venissemus
3344 2500 3424 2572 in
3488 2499 3753 2575 eodem
3823 2521 4115 2594 campo,

1234 2622 1818 2717 peraccessimus
1877 2621 1975 2695 ad
2031 2621 2286 2696 locum
2343 2623 2617 2717 ipsum,
2657 2625 2738 2696 et
2775 2621 2980 2696 facta
3018 2626 3139 2697 est
3177 2622 3286 2696 ibi
3323 2624 3606 2697 oratio:
3644 2624 3845 2698 lecta
3882 2622 4113 2698 etia-m
4583 2658 4586 2711 1

1234 2768 1410 2841 pars
1468 2747 1794 2841 quedam
1850 2747 2438 2822 Deuteronomii
2492 2746 2572 2820 in
2628 2768 2717 2821 eo
2771 2748 2961 2838 loco,
3005 2769 3139 2823 nec
3181 2770 3337 2821 non
3374 2748 3612 2821 etiam
3649 2750 3731 2822 et
3773 2748 4115 2822 canticas

1237 2870 1496 2966 ἱρείης,
1564 2871 1694 2946 sed
1759 2874 1840 2945 et
1905 2870 2493 2961 benedictiones,
2561 2895 2750 2967 quas
2815 2871 3119 2946 dixerat
3181 2894 3405 2967 super
3467 2872 3662 2947 filios
3698 2871 3958 2946 Israel.
4014 2871 4116 2945 Et

1238 2996 1523 3071 iterato
1580 2999 1753 3091 post
1807 2997 2136 3071 lectione
2192 2996 2399 3071 facta
2453 3000 2572 3072 est
2628 2996 2901 3088 oratio,
2962 3000 3045 3071 et
3080 3000 3371 3094 gratias
3406 2998 3567 3072 Deo
3607 3000 3917 3093 agentes
3956 3020 4113 3071 mo-

1242 3120 1492 3194 vimus
1548 3121 1746 3195 inde.
1779 3120 1869 3194 Id
1924 3120 2128 3196 enim
2183 3122 2402 3196 nobis
2458 3143 2757 3217 semper
2810 3122 3379 3196 consuetudinis
3418 3126 3609 3212 erat,
3647 3125 3740 3195 ut
3775 3122 4120 3197 ubicum-

1244 3268 1392 3342 que
1465 3245 1562 3319 ad
1634 3246 1801 3320 loca
1875 3246 2305 3322 desiderata
2380 3247 2733 3322 accedere
2801 3248 3270 3339 volebamus,
3347 3247 3678 3344 primum*
3733 3246 3840 3319 ibi
3894 3245 4114 3321 fieret

1238 3375 1514 3462 oratio;
1556 3372 1828 3447 deinde
1885 3373 2267 3468 legeretur
2301 3375 2530 3448 lectio
2570 3374 2733 3468 ipsa
2771 3374 2863 3447 de
2904 3373 3179 3464 codice,
3222 3373 3601 3449 diceretur
3640 3373 3876 3448 etiam
3912 3374 4114 3468 psal-

1239 3521 1408 3572 mus
1442 3521 1639 3573 unus
1665 3498 2054 3593 pertinens
2082 3499 2180 3571 ad
2226 3522 2413 3589 rem,
2455 3501 2536 3573 et
2578 3500 2861 3572 iterato
2909 3497 3130 3572 fieret
3182 3498 3291 3571 ibi
3347 3499 3619 3572 oratio,
3667 3498 3885 3572 Hanc
3930 3519 4111 3593 ergo

1236 3625 1863 3699 consuetudinem
1921 3624 2233 3698 iubente
2288 3624 2450 3698 Deo
2505 3645 2800 3718 semper
2855 3623 3266 3714 tenuimus,
3314 3623 3772 3718 ubicumque
3812 3622 3909 3695 ad
3947 3622 4114 3697 loca

1236 3747 1665 3823 desiderata
1719 3748 2108 3843 potuimus
2165 3749 2588 3843 pervenire.
2649 3748 2758 3822 Ac
2813 3747 2919 3822 sic
2973 3769 3179 3843 ergo,
3211 3750 3304 3821 ut
3357 3750 3662 3842 ceptum
3720 3768 3910 3841 opus
3946 3768 4117 3842 per-

1236 3873 1612 3963 ficeretur,
1670 3873 2002 3967 cepimus
2060 3872 2445 3962 festinare,
2486 3875 2578 3945 ut
2632 3853 3218 3967 perveniremus
3260 3872 3357 3945 ad
3415 3874 3754 3946 montem
3811 3870 4112 3945 Nabaii.

1236 3996 1615 4070 Euntibus
1671 3997 1888 4070 nobis
1945 3997 2419 4070 commonuit
2473 3997 2849 4092 presbiter
2888 3996 3033 4070 loci
3072 3995 3331 4090 ipsius,
3374 3995 3446 4068 id
3491 3997 3608 4069 est
3649 3994 3743 4069 de
3780 3994 4117 4084 Libiade,

1237 4145 1433 4218 quae
1504 4123 1751 4218 ipsum
1826 4123 2219 4197 nobiscum
2288 4124 2648 4218 rogantes
2722 4143 3208 4197 moveramus
3283 4121 3376 4196 de
3448 4121 3867 4210 mansione,
3939 4120 4121 4215 quia

1234 4328 1442 4407 posita
1484 4328 1682 4408 (Hier.
1724 4328 1767 4389 l.
1810 4348 1861 4389 c.
1904 4328 1984 4389 ad
2023 4348 2083 4389 v.
2123 4333 2412 4390 Abarim:
2460 4352 2492 4386 α
2514 4327 3014 4390 Ascendentibus
3055 4328 3133 4387 de
3175 4324 3437 4388 Liviade
3485 4326 3553 4386 in
3591 4326 3806 4388 Esbun
3827 4326 3911 4404 ss,
3953 4325 4118 4404 quod

1235 4425 1665 4488 confirmatur:
1712 4448 1744 4483 ‹
1767 4425 2048 4501 Libiada‚
2091 4447 2246 4504 quae
2287 4433 2388 4486 est
2426 4426 2493 4486 in
2534 4446 2606 4486 eo
2650 4445 2882 4505 campo,
2924 4426 2990 4484 in
3030 4445 3148 4501 quo
3191 4431 3338 4486 tunc
3375 4423 3490 4484 filii
3530 4423 3728 4485 Israel
3783 4430 3989 4484 castra
4030 4423 4118 4485 fe-

1234 4531 1516 4585 corant».
1557 4525 1854 4586 Distabat
1894 4521 2157 4602 quinque
2213 4525 2410 4585 millia
2460 4544 2498 4584 a
2550 4524 2848 4601 Iordane,
2894 4522 3217 4584 duodecim
3258 4524 3338 4584 ab
3376 4522 3673 4584 Hiericho
3716 4521 3976 4602 (Theod.
4018 4523 4117 4584 De
4576 4539 4578 4642 4

1234 4629 1403 4685 terra
1444 4631 1657 4685 sancta
1695 4643 1747 4685 c.
1791 4624 1990 4684 XIX:
2034 4623 2220 4702 Greg.
2266 4620 2489 4684 Turon.
2533 4623 2631 4684 De
2683 4623 2839 4701 glor.
2882 4629 3062 4684 mart.
3104 4622 3145 4682 1.
3189 4622 3241 4682 Ι.
3285 4642 3336 4682 c.
3384 4622 3522 4701 18):
3573 4626 3903 4700 propterea
3951 4619 4115 4698 quod

1233 4721 1431 4782 millia
1456 4728 1697 4799 septem
1726 4723 1803 4783 ab
1830 4722 2083 4783 Hierico
2114 4722 2191 4782 ad
2220 4721 2560 4783 Iordanum
2586 4728 3101 4800 computarentur.
3131 4721 3230 4782 Ibi
3267 4721 3592 4782 scatebant
3623 4740 3818 4797 aquae
3860 4719 4116 4794 calidae,

1233 4818 1438 4881 dictae
1480 4819 1758 4882 thermae
1800 4820 2060 4899 Moysis,
2082 4820 2149 4880 in
2190 4819 2412 4897 quibus
2455 4820 2688 4899 leprosi
2729 4821 3183 4881 mundabantur
3212 4819 3471 4901 (Theod.
3501 4819 3543 4879 l.
3574 4838 3645 4895 c.,
3676 4825 3741 4880 et
3765 4819 3995 4879 Anton.
4036 4838 4117 4878 m.

1231 4918 1274 4978 l.
1318 4939 1369 4980 c.
1412 4938 1462 4978 c.
1505 4918 1589 4997 X,
1633 4939 1669 4978 a
1709 4938 1827 4994 quo
1870 4917 2085 4979 Libias
2126 4925 2381 4979 vocatur
2423 4917 2819 5000 Salamaida).

1399 5015 1417 5050 ¹
1447 5016 1752 5077 Planities
1775 5016 2057 5078 Libiadis
2081 5022 2359 5097 tempore
2380 5016 2626 5096 Moysis
2649 5018 3120 5096 appellabantur
3147 5017 3534 5093 Campestria
3556 5018 3756 5089 Moab,
3789 5015 3923 5077 sive
3951 5015 4120 5076 Moa-

1232 5113 1518 5175 bitarum.
1564 5114 1743 5188 Quod
1783 5114 1887 5175 hic
1927 5114 2169 5191 dicitur,
2214 5114 2292 5175 ad
2335 5116 2536 5176 locum
2578 5116 2835 5194 respicit
2868 5116 3123 5177 Denter.
3147 5115 3459 5193 XXXIV,
3489 5118 3560 5175 8:
3609 5137 3641 5172 ‹
3662 5114 4120 5190 Fleveruntque

1239 5229 1377 5270 eum
1417 5211 1531 5271 filii
1572 5211 1773 5272 Israel
1814 5212 1881 5271 in
1920 5212 2371 5290 campestribus
2413 5211 2598 5272 Moab
2640 5212 2904 5291 triginta
2946 5213 3165 5274 diebus
3211 5213 3360 5291 (non
3399 5210 3831 5293 qnadraginta)
3857 5234 3911 5270 ».
3953 5209 4116 5272 Item

1237 5328 1458 5385 graeca
1498 5309 1734 5369 versio:
1783 5336 1817 5370 ‹
1846 5309 2185 5400 τριάκοντα
2234 5311 2465 5401 ἡμέρας
2493 5337 2549 5374 ».

1399 5404 1423 5441 ²
1450 5405 1638 5466 Deut.
1681 5426 1733 5467 c.
1774 5406 2028 5482 XXXI,
2071 5408 2126 5467 9.

1397 5503 1423 5539 ³
1453 5504 1773 5566 Canticum
1813 5505 2071 5584 Moysis.
2113 5505 2301 5566 Dent.
2346 5504 2647 5567 XXXII:
2695 5529 2725 5566 ‹
2749 5505 2984 5568 Audite
3027 5505 3183 5568 coeli
3225 5513 3341 5567 etc.
3368 5528 3424 5565 ».

1398 5605 1425 5638 ⁴
1454 5604 1555 5666 Sic
1596 5603 1728 5665 cod.
1772 5604 1955 5666 Dent.
1998 5605 2325 5680 XXXIII,
2373 5606 2425 5664 1.
