4642 6650
1196 801 1294 847 111
2445 793 2816 842 PRAEFATIO

1194 1023 1278 1096 in
1330 1020 1645 1095 abbatia
1698 1042 1758 1094 s.
1815 1019 2086 1094 Florae
2141 1018 2437 1094 collecti
2493 1017 2572 1091 in
2629 1016 3011 1114 publicam
3081 1014 3625 1090 bibliothecam
3681 1012 4069 1089 Fraterni-

1195 1167 1385 1241 tatis
1439 1187 1496 1238 S.
1555 1162 1841 1237 Mariae
1911 1162 2601 1238 transferebantur.
2670 1160 2977 1235 Codices
3051 1163 3336 1250 autem,
3413 1181 3734 1254 quorum
3817 1158 4073 1233 nullus

1201 1311 1433 1382 antea
1486 1306 1769 1381 ibidem
1826 1309 2016 1396 erat,
2076 1327 2169 1380 ex
2223 1327 2312 1379 eo
2371 1305 2583 1379 fonte
2640 1302 2948 1378 deducti
3019 1301 3246 1377 hodie
3304 1304 3734 1392 servantur,
3792 1303 3878 1375 at
3940 1300 4074 1374 alii

1202 1454 1283 1527 et
1336 1426 1866 1548 praetiosiores
1923 1453 2106 1524 sunt
2161 1449 2576 1544 deperditi:
2633 1451 2894 1522 noster
2925 1468 3132 1524 -vero
3191 1469 3250 1522 s.
3308 1446 3585 1520 Hilarii
3624 1448 3704 1521 et
3732 1445 4071 1540 Peregri-

1204 1593 1537 1668 nationis
1593 1592 1826 1667 exitio
1882 1593 2150 1683 evasit,
2208 1592 2424 1665 nullo
2466 1592 2802 1687 tegmine
2843 1589 3221 1681 defensus,
3266 1588 3620 1685 foliisque
3656 1589 3811 1662 suis
3849 1588 4076 1662 abru-

1204 1741 1383 1833 ptus
1423 1737 1844 1811 miserrime
1882 1731 1927 1811 ¹.
1965 1734 2487 1831 Diplomatum
2528 1702 2839 1830 quoque
2893 1734 3736 1830 instrumentorumque
3772 1733 3870 1808 ad
3907 1755 4073 1809 eam

1206 1882 1621 1956 Abbatiam
1676 1880 2225 1976 pertinentium
2299 1879 2644 1954 collectio
2720 1879 3253 1974 antiquissima
3331 1881 3413 1953 et
3484 1877 4079 1975 locupletissima

1208 2026 1490 2122 partim
1546 2024 1625 2097 in
1681 2024 1939 2098 archio
2008 2022 2363 2098 ecclesiae
2418 2020 2876 2095 cathedralis
2947 2021 3330 2095 arretinae
3385 2020 3669 2117 partim
3726 2021 3806 2093 in
3868 2021 4077 2115 regio

1209 2169 1615 2244 florentino
1671 2166 2441 2257 recondebatur,'sed
2495 2188 2648 2240 non
2705 2167 2992 2240 omnis:
3077 2167 3407 2263 primurn
3488 2165 3692 2240 enim
3771 2165 4080 2239 illorum

1213 2314 1573 2388 volumen
1608 2333 1851 2408 nuper
1888 2313 1969 2384 in
2004 2310 2470 2385 bibliotheca
2498 2310 3173 2385 Asburhnamiana
3209 2312 3598 2407 repertum
3635 2312 3778 2401 est,
3816 2312 4082 2406 postea

1213 2455 1308 2531 ad
1364 2455 1961 2530 Laurentianam
2016 2457 2361 2528 nostram
2417 2453 2853 2550 adpositum
2880 2444 2932 2529 ².

1370 2600 1473 2675 Ni
1526 2599 1890 2691 fallimur,
1967 2620 2189 2674 omne
2243 2621 2284 2673 e
2341 2598 2591 2674 medio
2664 2598 3115 2673 sustulimus
3191 2598 3535 2689 dubium,
3604 2621 3698 2675 ex
3770 2598 4084 2672 abbatia

1213 2746 1497 2823 montis
1553 2744 1807 2820 Casini
1861 2744 2235 2841 originem
2288 2768 2510 2819 suam
2566 2744 2872 2818 duxisse
2926 2743 3263 2819 codicem
3319 2767 3377 2818 s.
3436 2743 3735 2835 Hilarii,
3776 2743 3992 2818 cuius
4037 2765 4083 2816 a

1210 2887 1602 2963 Desiderio
1660 2886 1943 2962 abbate
1978 2885 2393 2983 repetenda
2431 2888 2548 2960 est
2584 2884 2975 2960 exaratio:
3017 2885 3220 2959 idem
3256 2884 3692 2959 huiusmodi
3728 2883 3822 2960 de
3858 2884 4083 2960 Pere-

1213 3031 1668 3129 grinationis
1724 3030 2175 3126 fragmentis
2211 3030 2497 3105 referre
2535 3051 2954 3125 possumus.
2996 3027 3192 3103 Sane
3232 3029 3536 3124 quidem
3595 3029 3868 3102 Petrus
3905 3027 4083 3101 Dia-

1213 3198 1471 3267 conuS,
1528 3175 1659 3271 qui
1715 3174 2016 3250 saeculo
2074 3172 2522 3248 duodecimo
2577 3173 2896 3247 ineunte
2953 3174 3129 3266 post
3183 3171 3513 3246 Leonem
3575 3170 4084 3246 Marsicanum

1216 3320 1340 3398 vel
1396 3319 1815 3397 Ostiensem
1869 3319 2496 3395 bibliothecarius
2550 3317 2774 3394 valde
2826 3316 3253 3392 laboriosus
3309 3317 3391 3391 in
3443 3317 3578 3392 illo
3619 3317 3887 3393 floruit
3922 3340 4087 3394 coe-

1216 3466 1469 3557 nobie,
1527 3488 1762 3561 quum
1816 3464 2096 3539 librum
2155 3464 2280 3537 vel
2335 3463 2838 3537 Itinerarium
2900 3500 2928 3513 -
2986 3461 3098 3534 De
3151 3461 3311 3535 locis
3362 3463 3620 3536 sanctis
3663 3502 3694 3516 ·
3733 3460 4089 3537 confecis-

1217 3615 1338 3687 set
1354 3601 1406 3703 3,
1447 3609 1793 3686 eamdem
1821 3608 2525 3704 Peregrinationem
2559 3610 2637 3681 in
2672 3629 2944 3681 manus
2975 3578 3339 3698 rersavit,
3371 3608 3619 3682 multa
3647 3607 3747 3681 ad
3772 3607 4090 3684 verbum

1218 3757 1659 3853 prosecutus
1714 3753 2033 3850 excepit,
2091 3755 2326 3849 atque
2382 3752 2461 3825 in
2518 3773 2658 3826 sua
2711 3750 3115 3825 inserenda
3171 3751 3498 3825 curavit.
3555 3749 4090 3828 Elucubratio-

1215 3899 1442 3972 nibus
1495 3896 1776 3971 nostris
1829 3896 2143 3969 fortuna
2198 3895 2528 3968 maxime
2589 3892 2910 3990 profuit,
2954 3892 3158 3989 quod
3195 3892 3480 3967 librum
3518 3894 3675 3989 ipse
3712 3916 3934 3968 suum
3970 3892 4089 3983 iis,

1218 4065 1415 4139 quae
1468 4042 1550 4114 in
1605 4040 2053 4137 fragmentis
2108 4038 2462 4113 arretinis
2500 4037 2790 4133 primae
2830 4039 3036 4127 sunt,
3077 4036 3372 4132 paginis
3411 4036 3854 4129 intermisit,
3898 4037 4087 4113 adeo

1219 4188 1313 4260 ut
1345 4184 1548 4259 inter
1588 4186 1952 4278 utrasque
2003 4183 2395 4257 connectio
2435 4181 2756 4278 perspici
2797 4180 3064 4277 possit,
3107 4182 3730 4280 comparatioque
3769 4182 4094 4257 institui.

1223 4329 1587 4404 Omnibus
1643 4348 1737 4400 ex
1789 4326 2037 4416 rebuS,
2097 4347 2294 4421 quae
2351 4324 2448 4397 ad
2502 4311 3092 4420 topographiam
3147 4346 3451 4400 sacram
3489 4327 3921 4420 spectantes
3969 4325 4093 4401 de·

1223 4475 1660 4551 scribuntur
1712 4472 1794 4545 in
1848 4471 2501 4568 Peregrinatione,
2560 4471 3016 4546 thesaurum
3072 4470 3219 4544 sibi
3272 4470 3454 4546 fecit
3508 4470 3790 4545 Petrus·
3825 4469 4095 4544 Diaco-

1223 4639 1391 4706 nus,
1449 4614 1583 4711 qui
1638 4636 2210 4710 nonnumquam
2271 4612 2618 4692 lectionis
2674 4612 3042 4707 antiquae
3114 4633 3405 4687 errores
3460 4613 3541 4687 et
3614 4612 4095 4686 soloecismos

1222 4739 1625 4834 emendare
1678 4756 2054 4851 neglexit:
2114 4756 2579 4850 quapropter
2632 4752 2965 4829 codicem
3001 4755 3357 4826 nostrum
3397 4775 3552 4827 non
3593 4752 3817 4827 modo
3869 4752 3966 4826 ab
4004 4773 4093 4828 eo

1221 4903 1504 4977 lectum
1560 4898 2197 4996 exscriptumque,
2240 4920 2520 4974 ·verum
2577 4897 2813 4973 etiam
2869 4899 2947 4970 in
3005 4896 3469 4971 monasterio
3527 4897 3898 5002 casinensi
3936 4919 4095 4973 ser·

1223 5049 1497 5124 vatum
1551 5045 1786 5121 fuisse
1841 5047 2225 5142 putamus.

1388 5358 1408 5394 ¹
1454 5357 1701 5420 Codicis
1741 5355 2029 5418 foliorum
2049 5321 2317 5436 primam
2344 5374 2552 5417 curam
2590 5353 2812 5416 habuit
2837 5374 2968 5416 can.
2997 5354 3284 5434 Vagnoni
3313 5354 3838 5436 bibliothecarius,
3867 5353 4094 5417 deinde

1228 5458 1479 5521 titulum
1519 5456 1763 5519 addidit
1805 5456 1936 5519 eius
1979 5475 2300 5518 successor
2343 5475 2440 5532 eq.
2486 5455 2531 5515 J
2533 5454 2632 5515 oh.
2676 5451 3062 5515 Guillichini.

1387 5558 1412 5594 ²
1449 5557 1744 5636 Gataloqo
1785 5560 1884 5618 dci
1924 5559 2114 5617 codici
2156 5557 2318 5617 della
2360 5555 2699 5616 Biblioteca
2742 5553 3162 5635 Asburhnam,
3205 5575 3267 5616 n.
3314 5555 3490 5618 1148.

1387 5659 1413 5696 ³
1439 5658 1538 5721 De
1578 5655 1770 5719 Petro
1812 5653 2084 5716 Diacono
2137 5653 2286 5717 vide
2327 5651 2511 5737 paulo
2553 5650 2837 5716 inferius.
