4642 6650
1467 802 1555 845 Αι)
1601 800 1774 848 Loca
1821 799 2074 848 saxon-A
2118 800 2229 844 An.
2275 802 2480 844 ass-sss
3312 774 3425 842 85'

2450 889 2539 896 ——.

541 1025 693 1113 tur,
732 1024 1050 1117 excepta
1085 1043 1242 1094 una
1280 1020 1404 1095 die
1442 1019 1768 1111 sabbati,
1800 1041 1954 1115 qua
1990 1017 2299 1113 vigiliae
2338 1016 2724 1112 paschales
2760 1019 2965 1107 sunt,
2996 1020 3077 1091 et
3105 1036 3404 1091 necesse

539 1149 657 1220 est
709 1144 1073 1220 ieiunari:
1131 1148 1350 1220 extra
1404 1144 1654 1240 ipsum
1710 1165 1889 1238 ergo
1946 1143 2149 1215 diem
2204 1143 2508 1237 penitus
2563 1164 2982 1236 numquam
3038 1140 3181 1229 1116,
3230 1142 3403 1214 1616

539 1294 762 1362 6666,
800 1272 1123 1348 sabbato
1178 1272 1568 1345 ieiunatur
1597 1261 1646 1342 ¹.
1688 1268 1798 1342 Ac
1835 1269 1941 1342 sic
1987 1288 2167 1362 ergo
2206 1265 2300 1339 de
2340 1268 2511 1339 octo
2552 1266 3023 1360 septimanis,
3063 1263 3405 1338 deductis

538 1398 709 1469 octo
764 1392 1029 1468 diebus
1086 1392 1479 1466 dominicis
1532 1396 1615 1466 et
1666 1393 1954 1485 septem
2010 1389 2352 1462 sabbatis
2409 1387 2621 1484 (quia
2693 1410 2993 1463 necesse
3057 1390 3176 1462 est
3253 1409 3407 1461 una

536 1515 839 1590 sabbati
892 1515 1241 1604 ieiunari,
1299 1517 1390 1587 ut
1443 1514 1789 1608 superius
1843 1512 2056 1603 dixi),
2113 1516 2520 1585 remanent
2557 1511 2718 1583 dies
2776 1510 3287 1607 quadraginta
3324 1512 3408 1583 et

541 1662 762 1728 unus,
819 1638 954 1733 qui
1007 1640 1489 1727 ieiunantur;
1547 1638 1750 1734 quod
1806 1637 1926 1710 1116
1981 1636 2372 1731 699611661
2425 1626 2733 1709 eortae²
2769 1634 2849 1708 id
2903 1639 3022 1708 est
3075 1636 3402 1731 quadra·

536 1764 844 1858 gesima.
931 1761 1224 1859 Singuli
1287 1766 1552 1837 autem
1616 1763 1777 1835 dies
1850 1760 2323 1855 singularum
2400 1759 2998 1834 ebdomadarum
3064 1763 3404 1855 aguntur

535 1886 665 1976 sic,
720 1886 800 1959 id
853 1888 1013 1960 est:
1072 1891 1162 1960 ut
1216 1887 1338 1961 die
1393 1887 1769 1961 dominica
1824 1886 1919 1959 de
1967 1884 2176 1978 pullo
2232 1884 2477 1979 primo
2512 1883 2725 1978 legat
2760 1883 3151 1977 episcopus
3192 1883 3417 1958 16116-

535 2014 914 2087 Α6661666
967 2013 1219 2087 166661
1271 2011 1841 2087 16661166116616
1894 2009 2202 2084 Domini
2257 2009 2351 2083 de
2406 2008 2824 2102 evangelio,
2875 2008 3074 2081 sicut
3112 2013 3193 2084 61,
3227 2012 3399 2083 1616

537 2159 737 2211 anno
793 2136 1190 2211 dominicis
1245 2136 1510 2211 diebus
1564 2135 1739 2209 fiet:
1797 2135 2149 2208 similiter
2203 2155 2443 2228 usque
2497 2131 2596 2206 ad
2649 2133 2897 2206 lucem
2935 2138 3268 2228 agantur
3305 2134 3404 2208 ad

537 2258 992 2333 Anastasem
1045 2262 1128 2333 61
1181 2259 1280 2331 ad
1336 2258 1671 2348 Crucem,
1730 2279 1926 2353 quae
1999 2259 2079 2330 61
2149 2259 2319 2330 1616
2396 2277 2594 2329 6666
2669 2255 3060 2331 dominicis
3133 2257 3401 2331 diebus

537 2382 759 2456 fiunt.
817 2382 1317 2457 Postmodum
1371 2403 1619 2471 mane,
1660 2382 1857 2457 sicut
1893 2384 1974 2456 et
2010 2402 2302 2475 semper
2342 2380 2719 2453 dominica
2756 2380 2899 2471 die,
2941 2381 3402 2475 proceditur,

538 2510 620 2581 et
675 2509 1035 2602 aguntur,
1093 2529 1290 2603 quae
1345 2506 1739 2581 dominicis
1794 2507 2057 2581 diebus
2112 2504 2583 2581 consuetudo
2623 2508 2742 2579 est
2786 2505 2936 2599 agi,
2974 2506 3055 2578 in
3092 2506 3402 2581 ecclesia

540 2629 852 2720 maiore,
912 2651 1109 2726 quae
1166 2630 1596 2727 appellatur
1642 2630 2040 2726 MartyriO,
2081 2651 2278 2725 quae
2314 2631 2433 2703 est
2470 2631 2550 2701 in
2587 2628 2969 2724 Golgotha
3006 2633 3181 2726 post
3217 2629 3402 2703 Cru-

536 2777 701 2831 cem
718 2747 767 2829 3.
808 2755 909 2829 Ε1
943 2755 1316 2846 6116111161,
1372 2756 1604 2828 161666
1658 2755 1753 2830 116
1795 2754 2108 2831 66616616
2145 2755 2374 2844 facta,
2415 2753 2511 2826 ad
2550 2753 2989 2830 Anastasim
3025 2753 3188 2828 itur
3223 2777 3397 2830 cum

699 3047 718 3083 ¹
750 3047 949 3122 Quale
991 3055 1160 3111 esset
1197 3049 1707 3128 quadragesimae
1746 3057 1994 3129 tempus
2020 3050 2085 3109 in
2111 3046 2658 3128 hierosolymitana
2685 3048 2947 3110 ecclesia
2972 3048 3074 3109 hic
3103 3049 3406 3128 explana-

544 3151 682 3220 tur,
725 3146 902 3207 cuius
942 3147 1036 3207 rei
1075 3147 1259 3208 valde
1300 3149 1562 3209 obscura
1610 3147 1791 3208 nobis
1846 3153 1980 3209 erat
2032 3146 2347 3224 hucoeque
2404 3145 2708 3224 cognitio:
2765 3150 3005 3206 tantum
3047 3146 3212 3207 enim
3252 3166 3410 3207 con-

546 3244 755 3303 stabat
795 3245 1120 3305 sabbatum
1181 3251 1246 3306 et
1305 3244 1674 3307 dominicum
1735 3244 1901 3305 diem
1943 3243 2214 3306 Graecos
2258 3244 2479 3305 solitos
2542 3263 2683 3305 esse
2743 3242 2975 3305 feriari.
3017 3244 3405 3308 Ratmannns

538 3341 950 3421 Corbeiensis,
993 3345 1100 3423 qui
1141 3343 1346 3405 Caroli
1385 3345 1592 3423 magni
1633 3350 1907 3422 tempore
1949 3343 2126 3422 vixit,
2169 3342 2437 3405 fortasse
2465 3363 2542 3403 ex
2568 3343 2868 3421 scriptore
2897 3342 3037 3419 alio,
3068 3364 3140 3403 ac
3181 3363 3257 3405 ex
3283 3364 3407 3405 no-

538 3446 672 3500 stra
709 3440 1238 3520 Peregrinatione,
1278 3442 1450 3521 haec,
1492 3443 1569 3503 ab
1609 3442 1743 3503 Ioh.
1786 3441 2043 3520 Launoy
2083 3441 2350 3502 adducta
2391 3440 2649 3522 (Opera,
2693 3446 2738 3500 t.
2779 3441 2868 3516 H,
2910 3462 2970 3520 9.
3012 3441 3101 3517 Π,
3143 3461 3202 3519 9.
3251 3443 3402 3503 666:

534 3536 632 3598 De
678 3538 873 3599 veteri
913 3538 1186 3601 ciborum
1227 3538 1475 3601 delectu
1515 3538 1581 3600 in
1621 3538 1871 3600 ieiuniis
1900 3538 2416 3620 Christianorum)
2460 3536 2835 3617 depromsit:
2880 3560 2912 3595 ‹
2939 3537 3063 3612 Qui
3102 3559 3249 3600 vero
3289 3559 3405 3600 nec

536 3634 793 3695 sabbato
845 3655 963 3697 1166
1003 3637 1310 3698 1161616166
1348 3637 1645 3715 16166661,
1689 3645 1755 3697 61
1815 3642 2022 3698 tamen
2065 3642 2229 3697 ’61116
2268 3636 2513 3697 Pascha
2552 3636 3086 3713 quadragesimam
3139 3636 3400 3716 implere

536 3730 838 3811 gestiunt,
879 3752 1138 3796 necesse
1180 3742 1296 3812 est,
1338 3741 1411 3795 ut
1449 3742 1669 3796 octava
1707 3732 2094 3795 hebdomada
2131 3733 2429 3794 ieiunium
2469 3732 2825 3810 suscipiant.
2849 3755 2882 3792 ›
3078 3794 3107 3819 ς

696 3827 721 3863 ²
751 3833 1002 3920 Ἐορταί
1047 3851 1171 3893 non
1210 3831 1714 3909 quadragesimae
1757 3831 1870 3892 sed
1911 3829 2106 3891 feriae
2148 3836 2323 3892 sunt:
2366 3837 2433 3892 at
2471 3830 2756 3891 dicuntur
2795 3830 2984 3892 etiam
3026 3851 3138 3910 pro
3180 3831 3403 3909 quovis

537 3931 814 4005 tempore
854 3946 1050 4005 sacro,
1092 3933 1165 3988 ut
1205 3928 1481 3989 Zonaras
1521 3927 1587 3989 in
1625 3925 1887 3988 Lexico:
1933 3928 2183 4017 Ἐορτή,
2229 3929 2446 4017 χρόνος
2498 3930 2651 4019 ἱερὸς
2698 3929 2868 3995 κατὰ
2914 3930 3154 4018 νόμους.

693 4023 719 4059 ³
745 4024 1029 4086 Ecclesia
1066 4024 1133 4084 in
1176 4023 1489 4102 Golgotha
1527 4031 1672 4103 post
1713 4023 1929 4086 Crucis
1971 4023 2325 4085 cubiculum
2363 4025 2794 4103 appellabatur
2833 4025 3224 4104 Martyrium,
3272 4045 3393 4105 pro

533 4128 750 4200 pterea
788 4120 951 4199 quod
991 4121 1163 4182 166116
1202 4121 1312 4183 ille
1351 4119 1490 4200 fuit,
1531 4120 1639 4183 ubi
1700 4120 1985 4184 Christus
2045 4140 2268 4200 passus
2332 4129 2449 4201 est,
2491 4123 2733 4201 sibique
2788 4123 3208 4185 testimonium
3264 4124 3403 4202 ipse

533 4216 867 4296 perhibuit.
887 4242 890 4247 ·
907 4218 1094 4293 Quod
1132 4216 1392 4280 inferius
1429 4219 1522 4280 ita
1562 4218 1932 4299 explicatur:
1980 4241 2012 4276 α
2036 4219 2379 4303 Propterea
2406 4226 2608 4281 autem
2634 4220 3000 4299 Martyrium
3037 4221 3400 4301 appellatur,

534 4314 681 4392 quia
713 4314 782 4375 in
823 4315 1135 4393 Golgotha
1176 4322 1293 4390 est,
1331 4315 1400 4375 id
1441 4321 1541 4377 est
1580 4322 1724 4394 post
1765 4314 2039 4393 Crucem,
2079 4316 2187 4375 ubi
2215 4315 2519 4377 Dominus
2556 4336 2781 4395 passus
2824 4324 2943 4394 est,
2964 4324 3030 4378 et
3069 4317 3209 4379 ideo
3238 4318 3400 4378 Mar·

536 4412 761 4490 tyrion.
784 4433 817 4470 ›
865 4412 988 4473 Sed
1029 4412 1181 4474 haec
1223 4412 1614 4475 Constantini
1654 4411 1930 4488 basilica,
1991 4432 2147 4490 quae
2207 4412 2313 4475 vel
2352 4421 2609 4492 propter
2648 4415 3062 4494 sanctitatem,
3118 4415 3222 4477 vel
3262 4436 3403 4476 ma—

533 4506 967 4584 gnificentiam,
1009 4508 1272 4571 ecclesia
1309 4510 1506 4570 maior
1547 4518 1768 4571 vocata
1806 4516 1924 4586 est,
1967 4529 2004 4570 a
2029 4509 2163 4571 fere
2206 4510 2491 4573 omnibus
2532 4512 2901 4589 auctoribus,
2943 4512 3047 4590 qui
3088 4511 3167 4573 116
3214 4533 3402 4576 6666-

533 4610 737 4664 torum
782 4604 1054 4667 locorum
1093 4605 1513 4685 descriptione
1573 4607 1732 4668 bene
1791 4606 2000 4668 meriti
2060 4613 2221 4683 66111,
2283 4627 2422 4668 cum
2480 4608 2809 4687 Anastase,
2850 4609 2918 4670 id
2977 4618 3078 4671 est
3139 4611 3403 4673 ecclesia

533 4702 733 4763 sancti
772 4703 1062 4783 sepulcri,
1104 4703 1519 4783 confunditur,
1568 4712 1632 4767 et
1684 4725 1807 4767 una
1854 4703 2187 4782 eademque
2226 4711 2502 4784 putatur.
2545 4707 2671 4768 Eos
2704 4706 2984 4786 profecto
3023 4707 3090 4768 in
3132 4729 3399 4771 errorem

534 4797 917 4860 adduxerunt
956 4801 1324 4879 scriptorum
1365 4800 1871 4880 gravissimorum
1910 4802 2278 4880 praesertim
2319 4802 2383 4863 S.
2415 4803 2636 4881 Cyrilli
2678 4804 2954 4883 episcopi
2980 4804 3403 4886 hierosolymi-

532 4894 664 4955 tani
702 4896 1001 4959 solemnia
1038 4899 1244 4974 verba,
1289 4898 1608 4979 (Cathech.
1649 4899 1828 4975 XIV,
1868 4900 1909 4978 ἓ
1948 4898 2051 4977 6.),
2094 4919 2249 4976 6666
2310 4898 2403 4961 ita
2464 4917 2535 4962 se
2593 4901 2855 4962 habent:
2903 4925 2935 4960 α
2956 4902 3155 4965 Vides
3211 4904 3399 4965 etiam

530 4991 896 5070 prophetam
934 4995 1322 5074 praevidisse
1379 4997 1581 5059 locum
1642 4996 2131 5073 resurrectionis,
2192 4998 2298 5076 qui
2353 4998 2720 5077 Martyrium
2782 5001 3186 5079 appellandus
3244 5010 3396 5064 erat.

534 5088 674 5161 Qua
715 5089 881 5150 enim
918 5091 1176 5169 ratione,
1218 5112 1343 5153 non
1382 5099 1726 5155 ceterarum
1766 5093 2164 5156 ecclesiarum
2197 5115 2386 5172 more,
2436 5095 2783 5173 Golgothae
2825 5103 2889 5158 et
2929 5100 3399 5163 resurrectionis

531 5186 704 5248 16666
764 5188 1028 5250 66616616
1085 5190 1450 5269 appellatur,
1492 5191 1605 5253 sed
1665 5192 2033 5271 Martyrium
2048 5194 2078 5253 Ρ
2140 5199 2205 5254 61
2263 5193 2331 5253 111
2391 5192 2661 5256 fortasse
2722 5202 2978 5274 propter
3032 5195 3399 5277 prophetam

534 5283 825 5363 (Sophon.
865 5285 988 5363 III,
1032 5288 1116 5365 7),
1156 5288 1262 5365 661
1301 5288 1492 5349 dixit:
1536 5290 1613 5350 In
1651 5289 1817 5350 diem
1857 5289 2330 5373 resurrectionis
2369 5310 2543 5351 meae
2599 5291 2665 5351 in
2717 5291 3104 5371 Martyrium.
3128 5316 3161 5353 ›
3206 5295 3398 5357 Prae-

532 5391 704 5441 terea
744 5381 807 5442 S.
851 5382 1069 5461 Cyrilli
1111 5385 1279 5446 dicta
1319 5386 1396 5446 ab
1438 5387 1708 5447 Eusebio
1751 5386 1942 5449 variis
1982 5387 2048 5447 in
2086 5387 2239 5448 locis
2281 5387 2716 5451 confirmantur
2757 5391 2931 5471 (Vita
2985 5391 3397 5469 Constantini,

530 5476 573 5538 l.
615 5477 739 5555 ΙΠ,
782 5498 833 5539 c.
875 5481 933 5555 8,
977 5489 1041 5541 et
1080 5482 1176 5542 De
1216 5481 1502 5545 laudibus
1544 5483 1951 5563 Constantini,
1994 5504 2125 5562 cap.
2169 5485 2252 5565 9),
2316 5484 2539 5562 quibus
2599 5486 2865 5549 ecclesia
2901 5487 3399 5552 Resurrectionis

534 5572 657 5635 dici
698 5575 859 5637 solet
898 5576 1284 5656 Martyrium.
1326 5577 1649 5640 Addamus
1686 5579 2131 5658 Hieronymum
2171 5581 2237 5640 in
2278 5581 2544 5658 epistola
2576 5604 2635 5644 n.
2663 5584 2759 5643 44.
2809 5606 2841 5641 <
2858 5583 3150 5647 Sanctum
3188 5605 3396 5648 monu-
