4642 6650
1260 792 1329 837 11.
1381 791 1469 837 nn·
1513 791 1566 837 s.
1613 789 1867 835 ammi
1912 768 2266 835 urs-rmus
2310 788 2399 835 ΕΤ
2443 789 2697 837 annus
3337 791 3428 836 xv-

550 1013 1094 1111 Mysteriorum
1136 1014 1217 1086 et
1252 1009 1600 1108 Hymnos
1638 1009 2100 1086 bibliotheca
2138 1010 2548 1086 casinensis
2586 1014 2667 1086 et
2704 1034 2762 1086 s.
2800 1010 3076 1085 Hilarii
3113 1011 3424 1109 Exposi-

551 1156 843 1232 tionem
909 1177 1143 1252 super
1198 1153 1578 1251 Epistolas
1634 1154 2054 1246 canonicaS,
2103 1153 2610 1250 nequicquam
2647 1176 2870 1257 saepe
2905 1132 3428 1251 perquisitam,

552 1300 1007 1377 continebat
1047 1291 1095 1374 ¹:
1169 1300 1666 1395 quamobrem
1721 1298 2113 1374 Arretium
2187 1298 2526 1373 delatam
2577 1322 2735 1373 una
2788 1321 2961 1375 cum
3033 1299 3436 1395 praedictis

556 1444 789 1519 fuisse
844 1443 1339 1519 arbitramur.

712 1587 1088 1664 Discissus
1153 1609 1242 1683 ac
1296 1587 1459 1662 fere
1496 1586 1940 1662 dimidiatus
1979 1587 2076 1661 ad
2112 1609 2251 1662 nos
2288 1587 2413 1662 hic
2452 1587 2859 1664 Tractatus
2894 1588 3436 1685 Mysteriorum

557 1731 949 1829 pervenit:
1007 1731 1230 1806 initio
1285 1731 1490 1806 enim
1542 1730 1990 1827 paginisque
2045 1730 2519 1806 intermediis
2572 1731 2766 1807 liber
2837 1731 3125 1828 primus
3198 1735 3432 1824 caret,

559 1878 868 1953 duobus
925 1875 1321 1974 quaternis
1357 1876 1549 1952 liber
1585 1875 1979 1952 secundus,
2025 1875 2232 1962 Quae
2269 1877 2373 1950 sit
2409 1876 2655 1973 operis
2693 1899 3014 1969 summa,
3054 1876 3434 1973 quomodo

557 2041 721 2094 rem
786 2018 935 2095 sibi
969 2019 1443 2116 propositam
1501 2017 1995 2115 explicaverit
2030 2021 2323 2109 auctor,
2365 2017 2856 2114 perspicimus
2884 2020 3170 2093 tamen.
3212 2019 3440 2094 Prae·

555 2166 793 2256 terea,
846 2185 1048 2260 quae
1104 2164 1184 2237 in
1224 2162 1377 2239 fine
1414 2163 1660 2260 operis
1697 2163 2086 2259 leguntur,
2128 2162 2516 2259 epilogum
2556 2163 2960 2259 quemdam
3001 2165 3437 2260 exponunt:

569 2310 601 2343 “
639 2306 852 2381 Finit
910 2304 1329 2380 Tractatus
1382 2305 1926 2404 Mysteriorum
1982 2328 2041 2381 s.
2079 2304 2359 2380 Hilarii
2416 2305 2740 2403 episcopi
2782 2306 2879 2380 ab
2917 2304 3164 2380 Adam
3203 2328 3443 2402 usque

572 2504 602 2537 ,‚
639 2447 738 2522 ad
791 2447 979 2540 Noe,
1039 2447 1310 2523 deinde
1371 2446 1699 2539 Abraae,
1748 2447 1995 2541 Isaac,
2038 2448 2291 2543 Iacob,
2331 2448 2646 2546 Moysis,
2685 2452 2768 2523 et
2805 2447 2991 2524 Osee
3027 2449 3444 2546 prophetae

572 2645 603 2677 „
640 2592 722 2664 et
756 2588 1027 2664 Heliae
1065 2646 1129 2676 „.
1165 2589 1280 2676 Qu
1302 2611 1393 2665 ae
1434 2589 1534 2664 ad
1572 2590 2046 2687 patriarchas
2082 2591 2163 2666 in
2197 2590 2444 2688 primo
2484 2591 2971 2667 declarantur
2994 2590 3445 2687 libr0,·quae

562 2734 660 2809 ad
715 2734 1127 2831 prophetas
1194 2734 1276 2808 in
1332 2734 1683 2811 secundO.
1719 2735 2226 2822 Quamobrem
2264 2738 2331 2810 si
2367 2736 2816 2834 Hieronymi
2852 2731 3085 2813 verba
3120 2757 3440 2833 perpen-

562 2880 760 2955 deris
785 2870 835 2953 ²:
905 2883 935 2916 ⁰⁶
976 2880 1202 2956 Liber
1256 2880 1745 2979 Hymnorum
1804 2884 1886 2956 et
1939 2881 2483 2979 Mysteriorum
2557 2881 2752 2956 alius
2791 2904 2855 2969 „2
2913 2881 3061 2956 tibi
3117 2881 3245 2956 ille
3299 2880 3443 2957 hoc

486 3046 491 3050 ·
565 3044 755 3119 opus
808 3022 1275 3097 hilarianum
1311 3023 1719 3121 improprie
1757 3025 2128 3100 indicasse
2167 3024 2594 3101 videbitur:
2635 3025 2716 3098 in
2753 3025 3000 3099 medio
3039 3025 3245 3098 enim
3296 3027 3440 3117 est,

562 3188 719 3241 non
775 3189 930 3241 uno
984 3167 1181 3240 libro
1238 3167 1369 3241 sed
1425 3166 1722 3242 duobus
1779 3171 2131 3244 constare
2188 3170 2644 3243 tractatum.
2722 3166 3072 3242 Solemne
3142 3167 3448 3263 quidem

566 3310 722 3385 fuit
775 3309 979 3407 apud
1035 3310 1396 3407 antiquos
1442 3310 1799 3387 ecclesiae
1838 3315 2122 3408 patres,
2164 3311 2522 3409 quicquid
2557 3310 2640 3386 in
2676 3309 2958 3387 veteris
2998 3310 3449 3386 testamenti

564 3455 777 3530 libris
832 3455 1293 3546 continetur,
1359 3457 1445 3529 ut
1501 3456 1685 3531 novi
1749 3456 2349 3550 institutionem,
2406 3458 2499 3530 ut
2552 3455 2929 3530 adventus
2994 3454 3273 3530 Christi
3329 3478 3446 3529 sa-

565 3599 923 3696 lutisque,
956 3598 1341 3675 humanae
1393 3600 1880 3697 prophetiam
1939 3600 2196 3693 fuisse,
2255 3603 2337 3676 et
2391 3603 2652 3676 sancte
2707 3599 3012 3675 credere
3085 3602 3167 3674 et
3239 3600 3447 3695 inge-

571 3744 782 3817 niose
817 3743 1229 3838 requirere.
1287 3743 1379 3816 In
1435 3743 1807 3818 eiusmodi
1860 3744 2207 3818 studium
2248 3766 2308 3818 s.
2356 3742 2737 3816 Hilarium
2776 3744 2947 3816 toto
2987 3743 3291 3838 pectore
3329 3740 3445 3813 in-

569 3883 920 3961 cubuisse
972 3884 1153 3958 libri
1206 3884 1303 3958 ab
1360 3906 1449 3960 eo
1504 3884 1693 3960 editi
1747 3885 2546 3968 maximetestantur.
2603 3884 2775 3982 Ipse
2829 3884 3056 3977 enim,
3108 3882 3291 3979 quid
3348 3882 3441 3957 de

570 4163 712 4226 dam
753 4163 997 4225 erudito
1038 4163 1191 4242 viro,
1220 4170 1294 4224 ut
1326 4163 1389 4225 in
1418 4163 1548 4226 illis
1591 4163 1852 4227 edendis
1891 4164 2108 4226 retulit
2146 4164 2441 4226 Nicolaus
2473 4163 3134 4242 Faber-Fragmenta
3160 4181 3238 4224 ex
3264 4181 3450 4241 opere

568 4262 865 4325 historico
907 4283 984 4324 ex
1022 4262 1401 4324 bibliotheca
1428 4263 1501 4323 P.
1533 4261 1806 4342 Pithoei,
1849 4263 2113 4325 Parisiis
2147 4264 2320 4325 1598.
2368 4262 2573 4336 Quum
2600 4263 2673 4324 P.
2707 4261 2975 4324 Gustant
3002 4261 3296 4341 optimam
3328 4261 3453 4322 edi·

570 4360 798 4423 tionem
817 4359 1179 4422 hilarianam
1200 4360 1597 4440 confecisset,
1622 4360 1862 4423 inedita
1888 4361 2190 4439 quaedam
2216 4362 2508 4423 inseruit:
2537 4361 2687 4423 item
2715 4360 2788 4423 P.
2818 4360 3099 4424 Martene
3122 4360 3452 4421 Tractatus

570 4460 637 4522 in
677 4460 913 4539 aliquot
951 4460 1224 4540 psalmos
1264 4461 1501 4540 primus
1544 4459 1888 4539 evulgavit.
1932 4459 2001 4521 Si
2042 4459 2216 4521 Sixto
2260 4459 2519 4521 Senensi
2564 4458 2751 4541 (Bibl.
2795 4458 3033 4521 Eccles.
3063 4458 3116 4534 Ι,
3154 4478 3214 4536 p.
3245 4458 3451 4538 LXV)

568 4560 758 4623 fidem
797 4560 1024 4623 addere
1063 4561 1366 4631 volumus,
1414 4569 1545 4621 tum
1586 4559 1905 4621 ferebatur
1944 4559 2011 4620 in
2051 4559 2362 4639 Hispania
2411 4558 2590 4620 condi
2642 4565 2844 4619 totum
2898 4556 3259 4637 psalterium
3314 4576 3452 4618 cum

571 4659 1024 4722 commentariis
1065 4658 1313 4719 Hilarii.
1360 4659 1569 4719 Etiam
1610 4658 1901 4721 Liverani
1942 4658 2007 4719 in
2049 4677 2162 4720 suo
2206 4657 2531 4737 spicilegio
2556 4657 2884 4718 Liberiano
2915 4655 3115 4717 edidit
3141 4654 3457 4734 fragmen-

572 4764 704 4818 tum
744 4756 969 4837 capitis
1011 4757 1267 4818 secundi
1308 4761 1372 4816 in
1405 4756 1770 4820 Mattheum.
1798 4757 2017 4835 Neque
2046 4764 2145 4819 est
2172 4754 2708 4836 praetereundum,
2740 4753 2902 4832 quod
2933 4753 3181 4816 saeculo
3210 4752 3449 4814 decimo

571 4854 639 4917 in
664 4855 1035 4917 monasterio
1065 4855 1599 4917 Laureshamense
1630 4856 1865 4934 aliquot
1907 4854 2207 4935 epistolae
2249 4875 2300 4917 s.
2344 4854 2573 4915 Hilarii
2616 4854 3044 4932 servabantur,
3085 4858 3158 4912 ut
3198 4851 3263 4913 in
3293 4858 3453 4914 cata·

571 4951 716 5031 logo
756 4958 951 5031 patet,
995 4951 1164 5013 edito
1206 4972 1244 5013 a
1282 4953 1547 5029 Becker,
1579 4973 1634 5014 o.
1677 4973 1729 5014 c.
1770 4973 1830 5012 n.
1874 4953 1988 5014 36:
2031 4953 2250 5030 quibus
2292 4973 2369 5013 ex
2426 4951 2709 5032 epistolis
2762 4950 2841 5012 ab
2893 4950 3270 5028 Hieronymo
3324 4967 3451 5009 me-

571 5051 829 5112 moratis
869 5050 1041 5112 nulla
1078 5049 1404 5129 naufragio
1448 5057 1793 5129 temporum
1832 5051 2052 5113 evasit.

737 5147 754 5183 ¹
784 5148 863 5210 In
906 5147 1204 5228 Gatalogo
1234 5169 1287 5210 a.
1324 5149 1514 5210 1532:
1560 5149 1904 5229 ExpositiO.
1935 5150 2028 5213 soi
2055 5148 2259 5210 Ylarii
2287 5169 2477 5229 super
2504 5148 2821 5229 Epistolas
2850 5147 3173 5210 canonicas
3201 5146 3451 5226 incipit:

577 5246 849 5326 Septem.
892 5246 1220 5308 Tractatus
1261 5247 1326 5307 in
1368 5247 1674 5325 quasdam
1715 5248 1900 5309 Pauli
1944 5248 2264 5327 epistolas,
2307 5268 2462 5326 quos
2502 5249 2578 5310 cl.
2621 5269 2681 5310 v.
2723 5246 2860 5309 Ioh.
2900 5248 3085 5325 Bapt.
3125 5245 3224 5306 De
3276 5245 3456 5304 Pitra

577 5346 696 5406 sub
736 5345 981 5407 nomine
1022 5365 1074 5409 s.
1113 5345 1343 5407 Hilarii
1384 5346 1451 5406 in
1490 5345 1693 5407 lucem
1732 5346 2011 5427 prodidit
2052 5347 2479 5427 (Spicilcqium
2518 5347 2890 5409 Solesmense
2932 5345 3004 5405 Τ.
3033 5344 3070 5404 Ι
3095 5365 3156 5423 p.
3177 5343 3304 5422 49),
3333 5362 3458 5404 non

577 5442 656 5504 ad
699 5463 839 5505 eum
866 5443 982 5507 sed
1010 5443 1090 5505 ad
1118 5443 1510 5505 Theodorum
1549 5445 2060 5525 Mopsuestenum
2094 5446 2412 5525 pertinent
2438 5446 2630 5507 latine
2660 5465 3040 5523 conversum,
3068 5451 3139 5504 ut
3167 5442 3456 5520 comperi-

577 5562 714 5605 mus
771 5563 849 5604 ex
900 5542 1174 5605 editione
1214 5543 1394 5604 modo
1437 5542 1717 5606 confecta
1757 5564 1795 5605 a
1832 5545 1915 5606 H.
1958 5545 2034 5604 B.
2077 5544 2337 5622 Swerte‚
2382 5543 2756 5623 Cambridge
2806 5544 2982 5605 1882.
3023 5541 3147 5605 vol.
3190 5543 3248 5619 2,
3288 5540 3356 5600 in
3395 5541 3453 5599 8.

740 5640 764 5676 ²
791 5642 1151 5722 Hieronym.
1194 5646 1290 5705 De
1330 5643 1560 5722 script.
1603 5646 1807 5705 eccles.
1851 5643 1916 5705 in
1955 5643 2216 5705 Hilario.
3453 5666 3458 5672 ’
