4642 6650
1574 722 1665 765 DE
1712 719 2065 765 MYSTERHS
2112 721 2199 764 ET
2246 721 2462 765 mmm
3422 702 3458 765 7

2491 811 2572 819 --—-

582 963 839 1017 rerum
879 964 1040 1017 esse
1077 942 1477 1017 indicium:
1538 944 1618 1016 et
1672 963 1843 1016 cum
1892 942 1963 1015 ei
2000 941 2258 1014 omnia
2312 932 2691 1014 subiecta¹
2753 941 2928 1030 sint,
2971 941 3458 1015 constitutio-

583 1090 758 1143 nem
814 1072 1076 1144 tamen
1132 1069 1295 1143 eius
1351 1069 1431 1143 in
1486 1091 1577 1142 ea
1632 1068 1841 1143 adire
1867 1126 1884 1159 ,
1943 1090 2138 1162 quae
2196 1067 2425 1161 digna
2480 1069 2683 1140 sunt.
2726 1067 3013 1142 Verum
3052 1067 3245 1141 nihil
3281 1072 3463 1141 ante

583 1193 675 1267 de
730 1193 1068 1267 moribus
1125 1192 1336 1290 Cayn
1391 1196 1562 1266 erat
1616 1192 1930 1283 dictum,
1990 1194 2081 1265 ut
2135 1191 2299 1265 eius
2355 1190 2609 1263 hostia
2666 1190 3097 1286 displiceret
3121 1213 3146 1279 3·
3197 1191 3328 1267 sed
3383 1193 3462 1265 in

581 1318 722 1409 his,
782 1341 976 1414 quae
1032 1321 1437 1393 consecuta
1493 1320 1723 1408 sunt,
1785 1316 1928 1390 Dei
1982 1315 2482 1412 providentia,
2524 1315 3029 1407 intelligitur,
3096 1316 3464 1390 sacrificia

581 1443 744 1518 eius
822 1435 1045 1544 {non
1099 1443 1572 1539 recipientiS,
1633 1442 1765 1538 qui
1820 1444 2308 1537 grassaturus
2366 1443 2566 1514 esset
2639 1442 2719 1513 in
2777 1441 3117 1515 fratrem.
3185 1441 3463 1515 Futuri

584 1569 786 1643 enim
848 1570 1050 1664 apud
1107 1568 1351 1643 Deum
1402 1569 1734 1662 cognitio
1777 1566 1959 1640 fides
1998 1567 2184 1641 facti
2240 1568 2397 1639 est:
2456 1588 2637 1659 nam
2692 1565 2824 1660 qui
2878 1559 3464 1661 perempturus²

581 1696 772 1786 erat,
832 1698 1231 1790 tamquam
1288 1695 1442 1766 iam
1499 1694 1945 1788 perimisset,
1993 1693 2137 1767 Dei
2192 1691 2721 1787 conspectione
2776 1713 2932 1765 non
2988 1691 3261 1786 dignus
3316 1695 3456 1766 est.

585 1820 676 1893 In
734 1821 1038 1895 cultura
1093 1842 1274 1895 vero
1332 1822 1583 1893 terrae
1639 1818 2093 1914 significatio
2135 1840 2452 1913 operum
2498 1817 2921 1891 carnalium
2980 1821 3458 1907 continetur;

582 1949 662 2019 et
717 1946 962 2020 omnis
1020 1946 1317 2020 fructus
1375 1945 1622 2020 carnis
1681 1945 1759 2017 in
1816 1944 2026 2020 vitiis
2082 1947 2221 2035 est,
2277 1965 2474 2039 quae
2513 1942 3013 2018 abhorrentes
3069 1945 3227 2019 Deo
3285 1967 3456 2019 con-

580 2074 924 2167 spectum
1000 2094 1046 2145 a
1121 2093 1200 2145 se
1255 2072 1421 2145 eius
1478 2065 1969 2167 appellunt³z
2028 2093 2181 2144 non
2238 2069 2644 2164 respicitur
2701 2090 2880 2162 ergo
2946 2068 3043 2142 ad
3099 2069 3456 2159 hostiam,

582 2217 778 2290 quae
833 2216 927 2269 ex
983 2196 1552 2292 operationibus
1627 2198 1882 2268 terrae
1956 2198 2112 2285 est,
2174 2196 2254 2269 et
2310 2194 2516 2267 solae
2582 2194 2664 2265 in
2740 2192 3088 2288 adipibus
3161 2193 3466 2289 placent

580 2321 842 2396 ovium
897 2322 1324 2416 primitiae,
1384 2321 1667 2396 interni
1724 2320 2082 2396 videlicet
2136 2319 2456 2409 fructus,
2523 2320 2604 2392 et
2671 2317 2904 2413 ipsius
2960 2319 3463 2393 conscientiae

581 2449 894 2520 nostrae
948 2446 1314 2521 sacrificia
1370 2447 1781 2537 delectant,
1840 2468 2188 2542 quaeque
2227 2446 2308 2518 in
2348 2444 2706 2539 primitiis
2762 2445 3023 2518 ovium
3079 2445 3461 2540 placentia

578 2575 1068 2668 conspectum
1104 2573 1185 2645 in
1222 2594 1302 2646 se
1345 2572 1649 2647 divinae
1686 2571 2113 2646 voluntatis
2152 2570 2515 2645 invitant.
2570 2568 2759 2642 Cum
2816 2568 3020 2642 enim
3075 2569 3460 2664 primitiae

579 2695 926 2770 Christus
1001 2698 1142 2788 sit,
1202 2697 1754 2793 primogenitus
1823 2699 2219 2770 creaturae
2244 2716 2263 2784 ;
2331 2693 2885 2790 primogenitus
2941 2716 3034 2768 ex
3106 2696 3455 2784 mortuis,

577 2824 921 2921 princeps
978 2825 1217 2899 etiam
1275 2824 1780 2915 sacerdotum,
1841 2825 1931 2895 ut
1987 2823 2090 2895 sit
2133 2823 2211 2893 in
2269 2820 2623 2895 omnibus
2677 2820 3095 2915 primatum
3148 2823 3416 2895 tenens
3439 2842 3458 2908 ;

579 2950 737 3046 ipse
795 2950 1032 3024 etiam
1073 2949 1261 3041 ovis„
1305 2952 1385 3023 et
1424 2949 1840 3023 secundum
1880 2969 2319 3042 corpoream
2357 2946 2855 3020 nativitatem
2898 2969 3096 3018 unus
3153 2968 3245 3020 ex
3300 2946 3459 3021 ovi-

576 3075 761 3150 bus:
820 3074 1273 3150 sacrificium
1311 3074 1504 3147 Abel
1545 3075 1699 3147 iam
1737 3073 1877 3147 sub
1918 3074 2397 3147 sacramento
2449 3071 2810 3145 ecclesiae
2867 3071 3259 3166 probabile
3318 3075 3456 3162 est,

579 3224 776 3296 quae
833 3200 1178 3296 deinceps
1236 3204 1436 3275 esset
1502 3222 1593 3274 ex
1670 3199 2027 3295 primitiis
2096 3198 2353 3273 ovium
2432 3199 2677 3286 sancti
2744 3184 3072 3292 corporis
3127 3199 3459 3272 hostiam

578 3328 1046 3424 praebitura.
1079 3328 1385 3404 Invidet
1422 3328 1684 3423 itaque
1722 3327 2005 3423 placito
2047 3324 2468 3421 displicenS,
2502 3327 2582 3399 et
2618 3328 2884 3400 contra
2917 3324 3059 3399 Dei
3098 3324 3457 3415 edictum,

584 3457 671 3527 ut
728 3454 1172 3549 quiesceret,
1231 3453 1735 3541 admonentiS,
1794 3450 2209 3546 probabilis
2256 3450 2353 3523 ab
2411 3450 2901 3544 improbabili
2957 3448 3456 3524 interficitur:

579 3601 754 3653 reus
793 3577 890 3651 ad
929 3577 1416 3652 confessionis
1443 3575 1998 3672 poenitentiam
2030 3575 2582 3669 interrogatur,
2618 3572 2747 3647 sed
2778 3572 2874 3646 ad
2906 3572 3453 3647 incrementum

579 3704 914 3778 criminis
966 3706 1223 3799 negat,
1282 3702 1685 3797 desperans
1741 3701 2398 3786 resurrectionem,
2458 3697 3031 3772 dissolvendum
3093 3720 3172 3771 se
3209 3700 3456 3770 morte

580 3827 1006 3915 existimat3
1065 3826 1196 3901 sed
1251 3848 1557 3922 gemens
1614 3828 1694 3899 et
1754 3827 2091 3899 tremens
2157 3823 2253 3896 ad
2316 3822 2683 3896 iudicium
2750 3821 3068 3895 ultionis
3126 3824 3452 3916 septem·

578 3953 790 4049 plicis
845 3955 1323 4042 reservatur,
1383 3952 1465 4024 et
1519 3951 1615 4024 ab
1673 3950 1882 4022 omni
1936 3952 2143 4022 terra
2198 3947 2649 4043 sanguinem
2703 3946 2965 4020 fratris
3030 3946 3450 4041 excipiente

577 4078 1082 4153 maledicitur.
1139 4075 1687 4171 Interpretatio
1745 4077 2007 4149 autem
2071 4073 2403 4147 nominis
2478 4071 2689 4168 Cayn
2744 4071 2942 4145 risus
2982 4074 3100 4146 est
3127 4063 3204 4158 ⁴';
3265 4070 3455 4143 Abel

579 4207 840 4278 autem
880 4203 1128 4277 fletus.
1170 4201 1561 4297 Numquid
1600 4223 1754 4274 non
1794 4221 1910 4290 ea,
1943 4221 2137 4295 quae
2167 4197 2559 4295 superiora
2588 4200 2792 4289 sunt,
2827 4198 3454 4271 consummantur

577 4334 655 4404 in
695 4329 1045 4425 populis‘l
1088 4327 1389 4402 Oblatio
1430 4327 1748 4401 iunioris
1786 4329 1906 4400 est
1940 4325 2265 4421 placita:
2306 4322 2624 4397 iudaeus
2664 4321 2957 4396 invidet
3013 4320 3451 4410 christianO,

577 4455 675 4529 ad
729 4454 1037 4530 caedem
1093 4454 1256 4527 eius
1311 4453 1600 4526 frustra
1668 4475 1716 4524 a
1770 4450 2165 4547 prophetis
2221 4447 2560 4522 monitus
2616 4447 2945 4533 exarsit:
3003 4445 3306 4520 veniam
3359 4466 3455 4518 ne

578 4604 716 4677 per
742 4581 985 4677 ipsam
1021 4578 1325 4676 quidem
1355 4576 1901 4652 confessionem
1934 4573 2456 4670 poenitentiae
2486 4573 3011 4646 consectatur:
3045 4568 3175 4643 sed
3205 4568 3456 4642 audax

574 4708 735 4783 Deo
793 4706 1273 4781 commissum
1328 4704 1570 4778 scelus
1611 4699 1967 4798 abnegat,
2010 4701 2414 4797 desperans
2453 4698 3026 4774 resurrectionis
3082 4697 3449 4792 gloriam:

575 4833 1137 4929 subiectusque,
1179 4833 1402 4927 capta
1439 4828 1939 4917 Hierusalem,
1981 4826 2542 4900 dominantium
2594 4822 2986 4919 potestati,
3027 4843 3334 4918 gemens
3374 4823 3454 4894 et

579 4963 912 5034 tremens
971 4957 1285 5031 ultionis
1324 4946 1651 5031 iudicio5
1681 4957 2140 5030 reservatur.
2182 4952 2330 5028 Per
2384 4954 2628 5047 ipsam
2681 4950 3401 5044 interpretationem
3426 4938 3454 4980 ⁰

737 5209 753 5240 ¹
787 5200 1023 5261 Iterum
1064 5198 1347 5277 superius
1376 5197 1673 5277 scriptum
1702 5204 1801 5258 est
1830 5201 1883 5258 ei
1909 5231 1991 5242 —·
2020 5204 2040 5235 ²
2070 5200 2494 5275 perematurus
2528 5229 2596 5239 -
2632 5200 2654 5233 ³
2683 5213 2769 5254 sc.
2800 5191 3117 5270 depellunt
3155 5225 3235 5236 —
3277 5197 3298 5230 ⁴
3327 5190 3389 5251 N
3391 5209 3451 5249 o-

572 5297 757 5359 minis
796 5297 948 5359 Oain
987 5318 1149 5360 nova
1187 5296 1339 5358 mihi
1379 5296 1629 5358 videtur
1667 5297 1819 5356 haec
1860 5294 2266 5374 etymologia:
2309 5301 2523 5355 contra
2563 5292 2726 5354 enim
2752 5291 3032 5352 Isidorus
3076 5290 3275 5370 (Θήρ.
3304 5289 3452 5368 VH,

574 5415 626 5456 c.
668 5395 746 5477 6)
791 5395 1038 5458 scribit:
1086 5418 1117 5454 ‹
1141 5395 1318 5457 Idem
1361 5394 1565 5476 (Cain)
1597 5401 1663 5456 et
1688 5392 2066 5472 lamentatio,
2098 5412 2169 5454 eo
2197 5392 2362 5469 quod
2386 5411 2499 5470 pro
2526 5389 2852 5452 interfecto
2884 5389 3045 5449 Abel
3085 5386 3450 5448 interfectus

574 5496 679 5576 sit,
711 5503 777 5559 et
815 5517 1076 5577 poenam
1116 5496 1214 5558 sui
1270 5495 1524 5559 sceleris
1580 5494 1841 5556 dederit.
1896 5494 2058 5556 Abel
2114 5493 2317 5555 luctus
2373 5491 2814 5570 interpretatur
2857 5513 2887 5547 »
2934 5525 3013 5535 -
3055 5497 3077 5529 ⁶
3118 5487 3330 5551 iudzcii
3371 5521 3452 5533 —

573 5606 597 5638 ⁶
628 5596 1174 5676 interpretationis
