<?xml version="1.0" encoding="UTF-8"?>
<!DOCTYPE html PUBLIC "-//W3C//DTD XHTML 1.0 Transitional//EN"
    "http://www.w3.org/TR/xhtml1/DTD/xhtml1-transitional.dtd">
<html xmlns="http://www.w3.org/1999/xhtml" xml:lang="en" lang="en">
 <head>
  <title>
</title>
<meta http-equiv="Content-Type" content="text/html;charset=utf-8" />
  <meta name='ocr-system' content='tesseract 3.04.00' />
  <meta name='ocr-capabilities' content='ocr_page ocr_carea ocr_par ocr_line ocrx_word'/>
</head>
<body>
  <div class='ocr_page' id='page_1' title='image "./shilariitractat01petrgoog_0114.png"; bbox 0 0 4642 6650; ppageno 0'>
   <div class='ocr_carea' id='block_1_1' title="bbox 1091 1912 1158 1970">
    <p class='ocr_par' dir='ltr' id='par_1_1' title="bbox 1091 1912 1158 1970">
     <span class='ocr_line' id='line_1_1' title="bbox 1091 1912 1158 1970; baseline 0.045 -3"><span class='ocrx_word' id='word_1_1' title='bbox 1091 1912 1158 1970; x_wconf 84' lang='lat'>51</span> 
     </span>
    </p>
   </div>
   <div class='ocr_carea' id='block_1_2' title="bbox 1212 774 4094 3492">
    <p class='ocr_par' dir='ltr' id='par_1_2' title="bbox 1220 774 3115 847">
     <span class='ocr_line' id='line_1_2' title="bbox 1220 774 3115 847; baseline 0.003 -7"><span class='ocrx_word' id='word_1_2' title='bbox 1220 774 1307 841; x_wconf 84' lang='lat'>68</span> <span class='ocrx_word' id='word_1_3' title='bbox 2207 795 2262 842; x_wconf 89' lang='lat' dir='ltr'>s.</span> <span class='ocrx_word' id='word_1_4' title='bbox 2310 796 2574 844; x_wconf 68' lang='lat' dir='ltr'>1311.va</span> <span class='ocrx_word' id='word_1_5' title='bbox 2620 795 3115 847; x_wconf 66' lang='lat' dir='ltr'>paanoama&#39;rxo</span> 
     </span>
    </p>

    <p class='ocr_par' dir='ltr' id='par_1_3' title="bbox 1215 1005 4094 2344">
     <span class='ocr_line' id='line_1_3' title="bbox 1216 1005 4094 1119; baseline 0.003 -30"><span class='ocrx_word' id='word_1_6' title='bbox 1216 1014 1340 1089; x_wconf 86' lang='lat' dir='ltr'>vel</span> <span class='ocrx_word' id='word_1_7' title='bbox 1395 1016 1642 1090; x_wconf 88' lang='lat' dir='ltr'>totius</span> <span class='ocrx_word' id='word_1_8' title='bbox 1695 1016 2036 1093; x_wconf 89' lang='lat' dir='ltr'>familiae</span> <span class='ocrx_word' id='word_1_9' title='bbox 2081 1017 2342 1114; x_wconf 87' lang='lat' dir='ltr'>ipsius,</span> <span class='ocrx_word' id='word_1_10' title='bbox 2384 1018 2607 1095; x_wconf 84' lang='lat' dir='ltr'>valde</span> <span class='ocrx_word' id='word_1_11' title='bbox 2646 1005 2988 1114; x_wconf 83' lang='lat' dir='ltr'>pulchra,</span> <span class='ocrx_word' id='word_1_12' title='bbox 3028 1019 3157 1094; x_wconf 89' lang='lat' dir='ltr'>sed</span> <span class='ocrx_word' id='word_1_13' title='bbox 3199 1020 3405 1095; x_wconf 88' lang='lat' dir='ltr'>facta</span> <span class='ocrx_word' id='word_1_14' title='bbox 3440 1044 3652 1097; x_wconf 92' lang='lat' dir='ltr'>more</span> <span class='ocrx_word' id='word_1_15' title='bbox 3690 1024 4011 1119; x_wconf 89' lang='lat' dir='ltr'>antiquo</span> <span class='ocrx_word' id='word_1_16' title='bbox 4044 1017 4094 1101; x_wconf 91' lang='lat'>¹.</span> 
     </span>
     <span class='ocr_line' id='line_1_4' title="bbox 1216 1137 4091 1244; baseline 0.004 -30"><span class='ocrx_word' id='word_1_17' title='bbox 1216 1137 1460 1215; x_wconf 84' lang='lat' dir='ltr'>Duxit</span> <span class='ocrx_word' id='word_1_18' title='bbox 1513 1142 1752 1216; x_wconf 87' lang='lat' dir='ltr'>etiam</span> <span class='ocrx_word' id='word_1_19' title='bbox 1804 1165 1944 1217; x_wconf 92' lang='lat' dir='ltr'>nos</span> <span class='ocrx_word' id='word_1_20' title='bbox 1999 1147 2080 1218; x_wconf 90' lang='lat' dir='ltr'>et</span> <span class='ocrx_word' id='word_1_21' title='bbox 2125 1144 2222 1217; x_wconf 87' lang='lat' dir='ltr'>ad</span> <span class='ocrx_word' id='word_1_22' title='bbox 2261 1145 2480 1218; x_wconf 79' lang='lat' dir='ltr'>illum</span> <span class='ocrx_word' id='word_1_23' title='bbox 2518 1145 2895 1242; x_wconf 85' lang='lat' dir='ltr'>palatium</span> <span class='ocrx_word' id='word_1_24' title='bbox 2931 1147 3421 1242; x_wconf 85' lang='lat' dir='ltr'>superiorem,</span> <span class='ocrx_word' id='word_1_25' title='bbox 3458 1143 3656 1244; x_wconf 88' lang='lat' dir='ltr'>quod</span> <span class='ocrx_word' id='word_1_26' title='bbox 3711 1149 4091 1226; x_wconf 74' lang='lat' dir='ltr'><strong>habuerat</strong></span> 
     </span>
     <span class='ocr_line' id='line_1_5' title="bbox 1215 1265 4086 1368; baseline 0.004 -29"><span class='ocrx_word' id='word_1_27' title='bbox 1215 1267 1572 1363; x_wconf 86' lang='lat' dir='ltr'>primitus</span> <span class='ocrx_word' id='word_1_28' title='bbox 1627 1289 1760 1342; x_wconf 86' lang='lat' dir='ltr'>rex</span> <span class='ocrx_word' id='word_1_29' title='bbox 1816 1268 2213 1364; x_wconf 85' lang='lat' dir='ltr'>Aggarus:</span> <span class='ocrx_word' id='word_1_30' title='bbox 2271 1272 2353 1344; x_wconf 89' lang='lat' dir='ltr'>et</span> <span class='ocrx_word' id='word_1_31' title='bbox 2406 1272 2469 1344; x_wconf 89' lang='lat' dir='ltr'>si</span> <span class='ocrx_word' id='word_1_32' title='bbox 2527 1294 2679 1366; x_wconf 89' lang='lat' dir='ltr'>qua</span> <span class='ocrx_word' id='word_1_33' title='bbox 2732 1265 3081 1368; x_wconf 79' lang='lat' dir='ltr'>preterea</span> <span class='ocrx_word' id='word_1_34' title='bbox 3125 1272 3292 1347; x_wconf 91' lang='lat' dir='ltr'>loca</span> <span class='ocrx_word' id='word_1_35' title='bbox 3339 1277 3584 1365; x_wconf 87' lang='grc'><strong>616613,</strong></span> <span class='ocrx_word' id='word_1_36' title='bbox 3625 1277 4086 1351; x_wconf 81' lang='lat' dir='ltr'>monstravit</span> 
     </span>
     <span class='ocr_line' id='line_1_6' title="bbox 1215 1391 4084 1496; baseline 0.003 -31"><span class='ocrx_word' id='word_1_37' title='bbox 1215 1391 1459 1466; x_wconf 84' lang='grc'><strong>661613.</strong></span> <span class='ocrx_word' id='word_1_38' title='bbox 1517 1392 1721 1466; x_wconf 88' lang='grc'><strong>111611</strong></span> <span class='ocrx_word' id='word_1_39' title='bbox 1775 1393 2013 1467; x_wconf 87' lang='lat' dir='ltr'>etiam</span> <span class='ocrx_word' id='word_1_40' title='bbox 2051 1394 2238 1468; x_wconf 87' lang='lat' dir='ltr'>satis</span> <span class='ocrx_word' id='word_1_41' title='bbox 2275 1394 2464 1467; x_wconf 90' lang='lat' dir='ltr'>mihi</span> <span class='ocrx_word' id='word_1_42' title='bbox 2502 1397 2725 1491; x_wconf 85' lang='lat' dir='ltr'>grato</span> <span class='ocrx_word' id='word_1_43' title='bbox 2764 1396 2937 1485; x_wconf 87' lang='lat' dir='ltr'>fuit,</span> <span class='ocrx_word' id='word_1_44' title='bbox 2982 1399 3070 1468; x_wconf 90' lang='lat' dir='ltr'>ut</span> <span class='ocrx_word' id='word_1_45' title='bbox 3106 1396 3464 1493; x_wconf 89' lang='lat' dir='ltr'>epistolas</span> <span class='ocrx_word' id='word_1_46' title='bbox 3503 1398 3706 1495; x_wconf 88' lang='lat' dir='ltr'>ipsas</span> <span class='ocrx_word' id='word_1_47' title='bbox 3734 1400 3893 1475; x_wconf 90' lang='lat' dir='ltr'>sive</span> <span class='ocrx_word' id='word_1_48' title='bbox 3932 1399 4084 1496; x_wconf 86' lang='lat' dir='ltr'>Ag·</span> 
     </span>
     <span class='ocr_line' id='line_1_7' title="bbox 1217 1517 4089 1621; baseline 0.002 -29"><span class='ocrx_word' id='word_1_49' title='bbox 1217 1520 1385 1614; x_wconf 87' lang='lat' dir='ltr'>gari</span> <span class='ocrx_word' id='word_1_50' title='bbox 1422 1517 1517 1591; x_wconf 91' lang='lat' dir='ltr'>ad</span> <span class='ocrx_word' id='word_1_51' title='bbox 1556 1518 1995 1610; x_wconf 88' lang='lat' dir='ltr'>Dominum,</span> <span class='ocrx_word' id='word_1_52' title='bbox 2034 1519 2195 1596; x_wconf 86' lang='lat' dir='ltr'>sive</span> <span class='ocrx_word' id='word_1_53' title='bbox 2231 1519 2541 1608; x_wconf 88' lang='lat' dir='ltr'>Domini</span> <span class='ocrx_word' id='word_1_54' title='bbox 2578 1520 2676 1593; x_wconf 90' lang='lat' dir='ltr'>ad</span> <span class='ocrx_word' id='word_1_55' title='bbox 2713 1518 3128 1615; x_wconf 76' lang='lat' dir='ltr'>Aggarum&#39;,</span> <span class='ocrx_word' id='word_1_56' title='bbox 3167 1544 3357 1617; x_wconf 86' lang='lat' dir='ltr'>quas</span> <span class='ocrx_word' id='word_1_57' title='bbox 3393 1523 3613 1597; x_wconf 90' lang='lat' dir='ltr'>nobis</span> <span class='ocrx_word' id='word_1_58' title='bbox 3650 1523 3758 1597; x_wconf 89' lang='grc'><strong>1111</strong></span> <span class='ocrx_word' id='word_1_59' title='bbox 3794 1525 4089 1621; x_wconf 82' lang='lat' dir='ltr'>legerat</span> 
     </span>
     <span class='ocr_line' id='line_1_8' title="bbox 1217 1643 4091 1754; baseline 0.002 -38"><span class='ocrx_word' id='word_1_60' title='bbox 1217 1646 1525 1716; x_wconf 90' lang='lat' dir='ltr'>sanctus</span> <span class='ocrx_word' id='word_1_61' title='bbox 1563 1643 1980 1739; x_wconf 80' lang='lat' dir='ltr'>episcopuS,</span> <span class='ocrx_word' id='word_1_62' title='bbox 2022 1644 2439 1739; x_wconf 79' lang='lat' dir='ltr'>acciperem</span> <span class='ocrx_word' id='word_1_63' title='bbox 2475 1644 2668 1719; x_wconf 90' lang='lat' dir='ltr'>mihi</span> <span class='ocrx_word' id='word_1_64' title='bbox 2704 1646 2801 1719; x_wconf 92' lang='lat' dir='ltr'>ab</span> <span class='ocrx_word' id='word_1_65' title='bbox 2841 1647 3001 1741; x_wconf 91' lang='lat' dir='ltr'>ipso</span> <span class='ocrx_word' id='word_1_66' title='bbox 3042 1648 3331 1720; x_wconf 87' lang='lat' dir='ltr'>sancto.</span> <span class='ocrx_word' id='word_1_67' title='bbox 3364 1645 3465 1719; x_wconf 89' lang='lat' dir='ltr'>Et</span> <span class='ocrx_word' id='word_1_68' title='bbox 3502 1647 3681 1754; x_wconf 80' lang='lat' dir='ltr'>licet</span> <span class='ocrx_word' id='word_1_69' title='bbox 3720 1648 3801 1721; x_wconf 91' lang='lat' dir='ltr'>in</span> <span class='ocrx_word' id='word_1_70' title='bbox 3837 1650 4091 1743; x_wconf 88' lang='lat' dir='ltr'>patria</span> 
     </span>
     <span class='ocr_line' id='line_1_9' title="bbox 1217 1768 4091 1865; baseline 0.002 -23"><span class='ocrx_word' id='word_1_71' title='bbox 1217 1768 1680 1863; x_wconf 86' lang='lat' dir='ltr'>exemplaria</span> <span class='ocrx_word' id='word_1_72' title='bbox 1733 1768 2071 1864; x_wconf 87' lang='lat' dir='ltr'>ipsarum</span> <span class='ocrx_word' id='word_1_73' title='bbox 2125 1769 2512 1861; x_wconf 88' lang='lat' dir='ltr'>haberem,</span> <span class='ocrx_word' id='word_1_74' title='bbox 2549 1771 2813 1844; x_wconf 88' lang='lat' dir='ltr'>tamen</span> <span class='ocrx_word' id='word_1_75' title='bbox 2849 1771 3147 1865; x_wconf 85' lang='lat' dir='ltr'>gratius</span> <span class='ocrx_word' id='word_1_76' title='bbox 3184 1770 3372 1844; x_wconf 92' lang='lat' dir='ltr'>mihi</span> <span class='ocrx_word' id='word_1_77' title='bbox 3411 1771 3663 1845; x_wconf 85' lang='lat' dir='ltr'>visum</span> <span class='ocrx_word' id='word_1_78' title='bbox 3698 1775 3840 1863; x_wconf 89' lang='lat' dir='ltr'>est,</span> <span class='ocrx_word' id='word_1_79' title='bbox 3890 1776 3983 1846; x_wconf 88' lang='lat' dir='ltr'>ut</span> <span class='ocrx_word' id='word_1_80' title='bbox 4010 1777 4091 1848; x_wconf 90' lang='lat' dir='ltr'>et</span> 
     </span>
     <span class='ocr_line' id='line_1_10' title="bbox 1217 1882 4090 1992; baseline 0.002 -27"><span class='ocrx_word' id='word_1_81' title='bbox 1217 1891 1326 1965; x_wconf 93' lang='grc'><strong>1111</strong></span> <span class='ocrx_word' id='word_1_82' title='bbox 1362 1913 1490 1965; x_wconf 92' lang='grc'>663</span> <span class='ocrx_word' id='word_1_83' title='bbox 1530 1891 1623 1967; x_wconf 93' lang='grc'>116</span> <span class='ocrx_word' id='word_1_84' title='bbox 1664 1882 1674 1992; x_wconf 84' lang='grc' dir='ltr'>Ι</span> <span class='ocrx_word' id='word_1_85' title='bbox 1716 1891 1877 1988; x_wconf 89' lang='lat' dir='ltr'>ipso</span> <span class='ocrx_word' id='word_1_86' title='bbox 1915 1893 2355 1989; x_wconf 81' lang='lat' dir='ltr'>acciperem,</span> <span class='ocrx_word' id='word_1_87' title='bbox 2394 1915 2492 1968; x_wconf 92' lang='lat' dir='ltr'>ne</span> <span class='ocrx_word' id='word_1_88' title='bbox 2529 1893 2715 1991; x_wconf 91' lang='lat' dir='ltr'>quid</span> <span class='ocrx_word' id='word_1_89' title='bbox 2753 1891 3083 1969; x_wconf 86' lang='lat' dir='ltr'>forsitan</span> <span class='ocrx_word' id='word_1_90' title='bbox 3116 1895 3371 1969; x_wconf 90' lang='lat' dir='ltr'>minus</span> <span class='ocrx_word' id='word_1_91' title='bbox 3409 1895 3507 1970; x_wconf 89' lang='lat' dir='ltr'>ad</span> <span class='ocrx_word' id='word_1_92' title='bbox 3543 1917 3681 1970; x_wconf 91' lang='lat' dir='ltr'>nos</span> <span class='ocrx_word' id='word_1_93' title='bbox 3718 1894 3801 1968; x_wconf 90' lang='lat' dir='ltr'>in</span> <span class='ocrx_word' id='word_1_94' title='bbox 3836 1895 4090 1991; x_wconf 72' lang='lat' dir='ltr'>patria</span> 
     </span>
     <span class='ocr_line' id='line_1_11' title="bbox 1215 2010 4081 2116; baseline 0.001 -24"><span class='ocrx_word' id='word_1_95' title='bbox 1215 2019 1724 2114; x_wconf 85' lang='lat' dir='ltr'>pervenisset:</span> <span class='ocrx_word' id='word_1_96' title='bbox 1764 2042 1945 2091; x_wconf 90' lang='lat' dir='ltr'>nam</span> <span class='ocrx_word' id='word_1_97' title='bbox 1973 2040 2152 2095; x_wconf 87' lang='lat' dir='ltr'>vere</span> <span class='ocrx_word' id='word_1_98' title='bbox 2189 2019 2519 2114; x_wconf 88' lang='lat' dir='ltr'>amplius</span> <span class='ocrx_word' id='word_1_99' title='bbox 2557 2022 2697 2111; x_wconf 90' lang='lat' dir='ltr'>est,</span> <span class='ocrx_word' id='word_1_100' title='bbox 2733 2019 2938 2116; x_wconf 88' lang='lat' dir='ltr'>quod</span> <span class='ocrx_word' id='word_1_101' title='bbox 2973 2020 3095 2094; x_wconf 92' lang='lat' dir='ltr'>hic</span> <span class='ocrx_word' id='word_1_102' title='bbox 3131 2019 3383 2115; x_wconf 89' lang='lat' dir='ltr'>accepi</span> <span class='ocrx_word' id='word_1_103' title='bbox 3407 2010 3458 2095; x_wconf 82' lang='lat'>².</span> <span class='ocrx_word' id='word_1_104' title='bbox 3496 2019 3713 2094; x_wconf 87' lang='lat' dir='ltr'>Unde</span> <span class='ocrx_word' id='word_1_105' title='bbox 3766 2018 3831 2093; x_wconf 89' lang='lat' dir='ltr'>si</span> <span class='ocrx_word' id='word_1_106' title='bbox 3876 2019 4081 2094; x_wconf 90' lang='lat' dir='ltr'>Deus</span> 
     </span>
     <span class='ocr_line' id='line_1_12' title="bbox 1216 2142 4092 2242; baseline 0.001 -28"><span class='ocrx_word' id='word_1_107' title='bbox 1216 2145 1478 2217; x_wconf 88' lang='lat' dir='ltr'>noster</span> <span class='ocrx_word' id='word_1_108' title='bbox 1513 2142 1726 2217; x_wconf 90' lang='lat' dir='ltr'>Iesus</span> <span class='ocrx_word' id='word_1_109' title='bbox 1762 2144 2092 2235; x_wconf 87' lang='lat' dir='ltr'>iusserit,</span> <span class='ocrx_word' id='word_1_110' title='bbox 2134 2146 2215 2217; x_wconf 88' lang='lat' dir='ltr'>et</span> <span class='ocrx_word' id='word_1_111' title='bbox 2251 2164 2531 2219; x_wconf 87' lang='lat' dir='ltr'>venero</span> <span class='ocrx_word' id='word_1_112' title='bbox 2572 2144 2650 2217; x_wconf 91' lang='grc'>16</span> <span class='ocrx_word' id='word_1_113' title='bbox 2703 2144 3061 2240; x_wconf 88' lang='lat' dir='ltr'>patriam,</span> <span class='ocrx_word' id='word_1_114' title='bbox 3099 2144 3352 2242; x_wconf 82' lang='lat' dir='ltr'>legam</span> <span class='ocrx_word' id='word_1_115' title='bbox 3394 2166 3524 2221; x_wconf 87' lang='lat' dir='ltr'>eas</span> <span class='ocrx_word' id='word_1_116' title='bbox 3559 2144 3801 2237; x_wconf 78' lang='lat' dir='ltr'>vobiS,</span> <span class='ocrx_word' id='word_1_117' title='bbox 3852 2143 4092 2218; x_wconf 91' lang='lat' dir='ltr'>domi·</span> 
     </span>
     <span class='ocr_line' id='line_1_13' title="bbox 1215 2259 2068 2344; baseline 0.002 -4"><span class='ocrx_word' id='word_1_118' title='bbox 1215 2288 1362 2341; x_wconf 89' lang='lat' dir='ltr'>nae</span> <span class='ocrx_word' id='word_1_119' title='bbox 1418 2267 1720 2344; x_wconf 88' lang='lat' dir='ltr'>animae</span> <span class='ocrx_word' id='word_1_120' title='bbox 1775 2290 1991 2344; x_wconf 91' lang='lat' dir='ltr'>meae</span> <span class='ocrx_word' id='word_1_121' title='bbox 2016 2259 2068 2342; x_wconf 80' lang='lat'>³.</span> 
     </span>
    </p>

    <p class='ocr_par' dir='ltr' id='par_1_4' title="bbox 1212 2392 4090 3492">
     <span class='ocr_line' id='line_1_14' title="bbox 1375 2392 4088 2490; baseline 0 -23"><span class='ocrx_word' id='word_1_122' title='bbox 1375 2394 1487 2468; x_wconf 85' lang='lat' dir='ltr'>Ac</span> <span class='ocrx_word' id='word_1_123' title='bbox 1540 2393 1648 2468; x_wconf 89' lang='lat' dir='ltr'>sic</span> <span class='ocrx_word' id='word_1_124' title='bbox 1702 2415 1880 2490; x_wconf 86' lang='lat' dir='ltr'>ergo</span> <span class='ocrx_word' id='word_1_125' title='bbox 1918 2392 2124 2469; x_wconf 88' lang='lat' dir='ltr'>facto</span> <span class='ocrx_word' id='word_1_126' title='bbox 2179 2392 2287 2467; x_wconf 88' lang='lat' dir='ltr'>ibi</span> <span class='ocrx_word' id='word_1_127' title='bbox 2340 2392 2726 2487; x_wconf 83' lang='lat' dir='ltr'>triduano,</span> <span class='ocrx_word' id='word_1_128' title='bbox 2770 2416 3070 2469; x_wconf 90' lang='lat' dir='ltr'>necesse</span> <span class='ocrx_word' id='word_1_129' title='bbox 3107 2416 3230 2471; x_wconf 91' lang='lat' dir='ltr'>me</span> <span class='ocrx_word' id='word_1_130' title='bbox 3267 2394 3419 2468; x_wconf 87' lang='lat' dir='ltr'>fuit</span> <span class='ocrx_word' id='word_1_131' title='bbox 3472 2394 3721 2469; x_wconf 83' lang='lat' dir='ltr'>adhuc</span> <span class='ocrx_word' id='word_1_132' title='bbox 3773 2395 3854 2468; x_wconf 92' lang='lat' dir='ltr'>in</span> <span class='ocrx_word' id='word_1_133' title='bbox 3908 2397 4088 2468; x_wconf 88' lang='lat' dir='ltr'>ante</span> 
     </span>
     <span class='ocr_line' id='line_1_15' title="bbox 1215 2509 4086 2615; baseline 0.001 -25"><span class='ocrx_word' id='word_1_134' title='bbox 1215 2516 1567 2592; x_wconf 81' lang='lat' dir='ltr'>accedere</span> <span class='ocrx_word' id='word_1_135' title='bbox 1619 2540 1862 2614; x_wconf 88' lang='lat' dir='ltr'>usque</span> <span class='ocrx_word' id='word_1_136' title='bbox 1917 2516 2016 2591; x_wconf 89' lang='lat' dir='ltr'>ad</span> <span class='ocrx_word' id='word_1_137' title='bbox 2071 2516 2395 2591; x_wconf 89' lang='grc'><strong>01161163</strong></span> <span class='ocrx_word' id='word_1_138' title='bbox 2418 2509 2448 2551; x_wconf 78' lang='lat'><strong>⁴</strong></span> <span class='ocrx_word' id='word_1_139' title='bbox 2483 2517 2665 2614; x_wconf 89' lang='lat' dir='ltr'>quia</span> <span class='ocrx_word' id='word_1_140' title='bbox 2709 2518 2936 2593; x_wconf 92' lang='lat' dir='ltr'>modo</span> <span class='ocrx_word' id='word_1_141' title='bbox 2975 2520 3081 2593; x_wconf 88' lang='lat' dir='ltr'>sic</span> <span class='ocrx_word' id='word_1_142' title='bbox 3117 2518 3418 2594; x_wconf 89' lang='lat' dir='ltr'>dicitur.</span> <span class='ocrx_word' id='word_1_143' title='bbox 3467 2518 3665 2593; x_wconf 88' lang='lat' dir='ltr'>Nam</span> <span class='ocrx_word' id='word_1_144' title='bbox 3721 2518 3801 2592; x_wconf 91' lang='lat' dir='ltr'>in</span> <span class='ocrx_word' id='word_1_145' title='bbox 3855 2519 4086 2615; x_wconf 84' lang='lat' dir='ltr'>scrip·</span> 
     </span>
     <span class='ocr_line' id='line_1_16' title="bbox 1212 2641 4086 2735; baseline -0 -18"><span class='ocrx_word' id='word_1_146' title='bbox 1212 2644 1411 2718; x_wconf 83' lang='lat' dir='ltr'>turis</span> <span class='ocrx_word' id='word_1_147' title='bbox 1466 2643 1747 2718; x_wconf 89' lang='lat' dir='ltr'>sanctis</span> <span class='ocrx_word' id='word_1_148' title='bbox 1803 2644 2008 2718; x_wconf 87' lang='lat' dir='ltr'>dicta</span> <span class='ocrx_word' id='word_1_149' title='bbox 2062 2646 2180 2718; x_wconf 91' lang='lat' dir='ltr'>est</span> <span class='ocrx_word' id='word_1_150' title='bbox 2235 2641 2545 2735; x_wconf 82' lang='lat' dir='ltr'>Charra,</span> <span class='ocrx_word' id='word_1_151' title='bbox 2602 2642 2736 2717; x_wconf 89' lang='lat' dir='ltr'>ubi</span> <span class='ocrx_word' id='word_1_152' title='bbox 2789 2647 3136 2718; x_wconf 89' lang='lat' dir='ltr'>moratus</span> <span class='ocrx_word' id='word_1_153' title='bbox 3191 2649 3312 2719; x_wconf 90' lang='lat' dir='ltr'>est</span> <span class='ocrx_word' id='word_1_154' title='bbox 3375 2647 3683 2719; x_wconf 86' lang='lat' dir='ltr'>sanctus</span> <span class='ocrx_word' id='word_1_155' title='bbox 3727 2641 4086 2734; x_wconf 85' lang='lat' dir='ltr'>Abraam,</span> 
     </span>
     <span class='ocr_line' id='line_1_17' title="bbox 1216 2767 4090 2864; baseline 0.001 -22"><span class='ocrx_word' id='word_1_156' title='bbox 1216 2769 1416 2843; x_wconf 90' lang='lat' dir='ltr'>sicut</span> <span class='ocrx_word' id='word_1_157' title='bbox 1468 2769 1836 2864; x_wconf 88' lang='lat' dir='ltr'>scriptum</span> <span class='ocrx_word' id='word_1_158' title='bbox 1891 2771 2009 2843; x_wconf 89' lang='grc'><strong>6313</strong></span> <span class='ocrx_word' id='word_1_159' title='bbox 2070 2767 2152 2840; x_wconf 90' lang='grc'>16</span> <span class='ocrx_word' id='word_1_160' title='bbox 2219 2767 2492 2842; x_wconf 81' lang='lat' dir='ltr'>Genesi</span> <span class='ocrx_word' id='word_1_161' title='bbox 2546 2767 2844 2844; x_wconf 91' lang='lat' dir='ltr'>dicente</span> <span class='ocrx_word' id='word_1_162' title='bbox 2900 2768 3225 2844; x_wconf 88' lang='lat' dir='ltr'>Domino</span> <span class='ocrx_word' id='word_1_163' title='bbox 3285 2767 3670 2843; x_wconf 85' lang='lat' dir='ltr'>Abraam:</span> <span class='ocrx_word' id='word_1_164' title='bbox 3748 2772 3783 2805; x_wconf 81' lang='lat'>“</span> <span class='ocrx_word' id='word_1_165' title='bbox 3820 2769 3941 2843; x_wconf 85' lang='lat' dir='ltr'>exi</span> <span class='ocrx_word' id='word_1_166' title='bbox 3997 2769 4090 2844; x_wconf 92' lang='lat' dir='ltr'>de</span> 
     </span>
     <span class='ocr_line' id='line_1_18' title="bbox 1215 2886 4084 2990; baseline 0 -23"><span class='ocrx_word' id='word_1_167' title='bbox 1215 2897 1427 2968; x_wconf 86' lang='lat' dir='ltr'>terra</span> <span class='ocrx_word' id='word_1_168' title='bbox 1459 2896 1602 2966; x_wconf 89' lang='lat' dir='ltr'>tua</span> <span class='ocrx_word' id='word_1_169' title='bbox 1639 2896 1720 2967; x_wconf 89' lang='grc'>613</span> <span class='ocrx_word' id='word_1_170' title='bbox 1757 2892 1850 2967; x_wconf 92' lang='grc'>116</span> <span class='ocrx_word' id='word_1_171' title='bbox 1906 2892 2130 2967; x_wconf 90' lang='grc'><strong>1161116</strong></span> <span class='ocrx_word' id='word_1_172' title='bbox 2169 2893 2412 2989; x_wconf 85' lang='lat' dir='ltr'>patris</span> <span class='ocrx_word' id='word_1_173' title='bbox 2450 2893 2594 2984; x_wconf 88' lang='lat' dir='ltr'>tui,</span> <span class='ocrx_word' id='word_1_174' title='bbox 2634 2897 2717 2969; x_wconf 92' lang='lat' dir='ltr'>et</span> <span class='ocrx_word' id='word_1_175' title='bbox 2755 2894 2948 2969; x_wconf 90' lang='lat' dir='ltr'>vade</span> <span class='ocrx_word' id='word_1_176' title='bbox 2988 2895 3066 2967; x_wconf 91' lang='lat' dir='ltr'>in</span> <span class='ocrx_word' id='word_1_177' title='bbox 3105 2893 3469 2968; x_wconf 88' lang='grc'><strong>011611661</strong></span> <span class='ocrx_word' id='word_1_178' title='bbox 3496 2886 3524 2928; x_wconf 85' lang='lat'>⁵</span> <span class='ocrx_word' id='word_1_179' title='bbox 3560 2950 3593 2982; x_wconf 89' lang='grc'>,,</span> <span class='ocrx_word' id='word_1_180' title='bbox 3649 2897 3730 2969; x_wconf 90' lang='grc'>613</span> <span class='ocrx_word' id='word_1_181' title='bbox 3764 2895 4084 2990; x_wconf 86' lang='grc'><strong>1611666.</strong></span> 
     </span>
     <span class='ocr_line' id='line_1_19' title="bbox 1215 3016 4085 3119; baseline 0.001 -30"><span class='ocrx_word' id='word_1_182' title='bbox 1215 3017 1416 3114; x_wconf 85' lang='lat' dir='ltr'>Ergo</span> <span class='ocrx_word' id='word_1_183' title='bbox 1446 3039 1620 3119; x_wconf 89' lang='grc'><strong>6616</strong></span> <span class='ocrx_word' id='word_1_184' title='bbox 1646 3017 2047 3109; x_wconf 85' lang='lat' dir='ltr'>venissem,</span> <span class='ocrx_word' id='word_1_185' title='bbox 2074 3016 2147 3090; x_wconf 92' lang='lat' dir='ltr'>id</span> <span class='ocrx_word' id='word_1_186' title='bbox 2177 3020 2294 3092; x_wconf 89' lang='lat' dir='ltr'>est</span> <span class='ocrx_word' id='word_1_187' title='bbox 2323 3017 2403 3090; x_wconf 89' lang='grc'>16</span> <span class='ocrx_word' id='word_1_188' title='bbox 2424 3016 2860 3111; x_wconf 88' lang='grc'><strong>0116116,1111</strong></span> <span class='ocrx_word' id='word_1_189' title='bbox 2888 3020 3154 3094; x_wconf 86' lang='grc'><strong>31361116</strong></span> <span class='ocrx_word' id='word_1_190' title='bbox 3184 3018 3297 3092; x_wconf 89' lang='lat' dir='ltr'>fui</span> <span class='ocrx_word' id='word_1_191' title='bbox 3325 3018 3423 3091; x_wconf 86' lang='lat' dir='ltr'>ad</span> <span class='ocrx_word' id='word_1_192' title='bbox 3450 3018 3864 3110; x_wconf 89' lang='lat' dir='ltr'>ecclesiam,</span> <span class='ocrx_word' id='word_1_193' title='bbox 3888 3041 4085 3115; x_wconf 86' lang='grc'><strong>61166</strong></span> 
     </span>
     <span class='ocr_line' id='line_1_20' title="bbox 1217 3144 4089 3241; baseline -0 -23"><span class='ocrx_word' id='word_1_194' title='bbox 1217 3147 1336 3218; x_wconf 89' lang='grc'>631</span> <span class='ocrx_word' id='word_1_195' title='bbox 1372 3145 1581 3218; x_wconf 89' lang='grc'><strong>161316</strong></span> <span class='ocrx_word' id='word_1_196' title='bbox 1619 3144 1939 3220; x_wconf 87' lang='lat' dir='ltr'>civitate</span> <span class='ocrx_word' id='word_1_197' title='bbox 1975 3144 2161 3241; x_wconf 88' lang='lat' dir='ltr'>ipsa,</span> <span class='ocrx_word' id='word_1_198' title='bbox 2201 3144 2363 3219; x_wconf 83' lang='lat' dir='ltr'>vidi</span> <span class='ocrx_word' id='word_1_199' title='bbox 2410 3144 2646 3219; x_wconf 89' lang='lat' dir='ltr'>etiam</span> <span class='ocrx_word' id='word_1_200' title='bbox 2703 3167 2881 3219; x_wconf 82' lang='lat' dir='ltr'>mox</span> <span class='ocrx_word' id='word_1_201' title='bbox 2936 3145 3367 3241; x_wconf 91' lang='lat' dir='ltr'>episcopum</span> <span class='ocrx_word' id='word_1_202' title='bbox 3402 3144 3549 3219; x_wconf 91' lang='grc'><strong>1661</strong></span> <span class='ocrx_word' id='word_1_203' title='bbox 3604 3144 3864 3239; x_wconf 88' lang='lat' dir='ltr'>ipsius,</span> <span class='ocrx_word' id='word_1_204' title='bbox 3907 3166 4089 3219; x_wconf 86' lang='lat' dir='ltr'>vere</span> 
     </span>
     <span class='ocr_line' id='line_1_21' title="bbox 1218 3260 4081 3368; baseline -0.001 -24"><span class='ocrx_word' id='word_1_205' title='bbox 1218 3272 1568 3345; x_wconf 85' lang='lat' dir='ltr'>sanctum</span> <span class='ocrx_word' id='word_1_206' title='bbox 1605 3272 1686 3345; x_wconf 84' lang='lat' dir='ltr'>et</span> <span class='ocrx_word' id='word_1_207' title='bbox 1723 3269 2110 3345; x_wconf 89' lang='lat' dir='ltr'>hominem</span> <span class='ocrx_word' id='word_1_208' title='bbox 2147 3269 2310 3362; x_wconf 90' lang='lat' dir='ltr'>Dei,</span> <span class='ocrx_word' id='word_1_209' title='bbox 2352 3272 2433 3346; x_wconf 89' lang='lat' dir='ltr'>et</span> <span class='ocrx_word' id='word_1_210' title='bbox 2467 3270 2714 3368; x_wconf 90' lang='lat' dir='ltr'>ipsum</span> <span class='ocrx_word' id='word_1_211' title='bbox 2754 3272 2834 3345; x_wconf 93' lang='lat' dir='ltr'>et</span> <span class='ocrx_word' id='word_1_212' title='bbox 2870 3270 3330 3345; x_wconf 90' lang='lat' dir='ltr'>monachum</span> <span class='ocrx_word' id='word_1_213' title='bbox 3367 3270 3451 3343; x_wconf 90' lang='lat' dir='ltr'>et</span> <span class='ocrx_word' id='word_1_214' title='bbox 3502 3267 4006 3343; x_wconf 83' lang='lat' dir='ltr'>confessorem</span> <span class='ocrx_word' id='word_1_215' title='bbox 4029 3260 4081 3357; x_wconf 76' lang='lat'>⁶3</span> 
     </span>
     <span class='ocr_line' id='line_1_22' title="bbox 1216 3394 4081 3492; baseline -0 -23"><span class='ocrx_word' id='word_1_216' title='bbox 1216 3395 1349 3492; x_wconf 85' lang='grc'><strong>6111</strong></span> <span class='ocrx_word' id='word_1_217' title='bbox 1384 3418 1563 3471; x_wconf 86' lang='lat' dir='ltr'>mox</span> <span class='ocrx_word' id='word_1_218' title='bbox 1589 3395 1808 3470; x_wconf 84' lang='lat' dir='ltr'>nobis</span> <span class='ocrx_word' id='word_1_219' title='bbox 1838 3395 2094 3470; x_wconf 88' lang='grc'><strong>616616</strong></span> <span class='ocrx_word' id='word_1_220' title='bbox 2130 3395 2297 3471; x_wconf 88' lang='grc'><strong>1666</strong></span> <span class='ocrx_word' id='word_1_221' title='bbox 2335 3396 2442 3469; x_wconf 90' lang='lat' dir='ltr'>ibi</span> <span class='ocrx_word' id='word_1_222' title='bbox 2481 3394 2878 3471; x_wconf 91' lang='lat' dir='ltr'>ostendere</span> <span class='ocrx_word' id='word_1_223' title='bbox 2918 3396 3274 3492; x_wconf 86' lang='lat' dir='ltr'>dignatus</span> <span class='ocrx_word' id='word_1_224' title='bbox 3310 3398 3448 3485; x_wconf 88' lang='lat' dir='ltr'>est,</span> <span class='ocrx_word' id='word_1_225' title='bbox 3481 3416 3675 3490; x_wconf 90' lang='grc'><strong>61166</strong></span> <span class='ocrx_word' id='word_1_226' title='bbox 3703 3394 4081 3471; x_wconf 85' lang='grc'><strong>1163111616-</strong></span> 
     </span>
    </p>
   </div>
   <div class='ocr_carea' id='block_1_3' title="bbox 1210 3671 4098 5721">
    <p class='ocr_par' dir='ltr' id='par_1_5' title="bbox 1213 3671 4097 3950">
     <span class='ocr_line' id='line_1_23' title="bbox 1376 3671 4093 3754; baseline -0 -18"><span class='ocrx_word' id='word_1_227' title='bbox 1376 3672 1395 3709; x_wconf 86' lang='lat'><em>¹</em></span> <span class='ocrx_word' id='word_1_228' title='bbox 1425 3673 1783 3754; x_wconf 79' lang='lat' dir='ltr'>Sepulcrum</span> <span class='ocrx_word' id='word_1_229' title='bbox 1824 3674 2064 3754; x_wconf 85' lang='lat' dir='ltr'>Aggari</span> <span class='ocrx_word' id='word_1_230' title='bbox 2104 3673 2361 3751; x_wconf 89' lang='lat' dir='ltr'>eiusque</span> <span class='ocrx_word' id='word_1_231' title='bbox 2400 3671 2673 3735; x_wconf 85' lang='lat' dir='ltr'>familiae</span> <span class='ocrx_word' id='word_1_232' title='bbox 2714 3692 2906 3753; x_wconf 89' lang='lat' dir='ltr'>prope</span> <span class='ocrx_word' id='word_1_233' title='bbox 2945 3679 3187 3752; x_wconf 88' lang='lat' dir='ltr'>portam</span> <span class='ocrx_word' id='word_1_234' title='bbox 3229 3679 3594 3747; x_wconf 84' lang='lat' dir='ltr'>extructum,</span> <span class='ocrx_word' id='word_1_235' title='bbox 3645 3679 3717 3734; x_wconf 90' lang='lat' dir='ltr'>ut</span> <span class='ocrx_word' id='word_1_236' title='bbox 3754 3671 4093 3751; x_wconf 87' lang='lat' dir='ltr'>antiquitus</span> 
     </span>
     <span class='ocr_line' id='line_1_24' title="bbox 1216 3770 4097 3854; baseline -0 -21"><span class='ocrx_word' id='word_1_237' title='bbox 1216 3779 1351 3834; x_wconf 88' lang='lat' dir='ltr'>erat</span> <span class='ocrx_word' id='word_1_238' title='bbox 1389 3792 1543 3834; x_wconf 88' lang='lat' dir='ltr'>mos.</span> <span class='ocrx_word' id='word_1_239' title='bbox 1583 3773 1659 3834; x_wconf 91' lang='lat' dir='ltr'>In</span> <span class='ocrx_word' id='word_1_240' title='bbox 1702 3770 1927 3835; x_wconf 84' lang='lat' dir='ltr'>Chron.</span> <span class='ocrx_word' id='word_1_241' title='bbox 1969 3773 2167 3835; x_wconf 87' lang='lat' dir='ltr'>edess.</span> <span class='ocrx_word' id='word_1_242' title='bbox 2209 3772 2364 3834; x_wconf 88' lang='lat' dir='ltr'>haec</span> <span class='ocrx_word' id='word_1_243' title='bbox 2390 3771 2689 3834; x_wconf 82' lang='lat' dir='ltr'>habemus</span> <span class='ocrx_word' id='word_1_244' title='bbox 2720 3773 2804 3854; x_wconf 78' lang='lat' dir='ltr'>(p.</span> <span class='ocrx_word' id='word_1_245' title='bbox 2835 3774 3009 3853; x_wconf 84' lang='lat'>389):</span> <span class='ocrx_word' id='word_1_246' title='bbox 3044 3794 3077 3831; x_wconf 82' lang='lat'><strong>‹</strong></span> <span class='ocrx_word' id='word_1_247' title='bbox 3099 3772 3279 3833; x_wconf 90' lang='lat' dir='ltr'>Anno</span> <span class='ocrx_word' id='word_1_248' title='bbox 3309 3770 3881 3851; x_wconf 75' lang='lat' dir='ltr'>quadrigentesimo</span> <span class='ocrx_word' id='word_1_249' title='bbox 3913 3772 3994 3854; x_wconf 88' lang='lat' dir='ltr'>(a.</span> <span class='ocrx_word' id='word_1_250' title='bbox 4016 3772 4097 3833; x_wconf 83' lang='lat'>89</span> 
     </span>
     <span class='ocr_line' id='line_1_25' title="bbox 1213 3868 3067 3950; baseline 0.002 -20"><span class='ocrx_word' id='word_1_251' title='bbox 1213 3891 1274 3950; x_wconf 89' lang='lat' dir='ltr'>p.</span> <span class='ocrx_word' id='word_1_252' title='bbox 1318 3869 1491 3949; x_wconf 82' lang='lat' dir='ltr'>Chr.)</span> <span class='ocrx_word' id='word_1_253' title='bbox 1534 3868 1886 3932; x_wconf 85' lang='lat' dir='ltr'>aedificavit</span> <span class='ocrx_word' id='word_1_254' title='bbox 1926 3870 2048 3932; x_wconf 86' lang='lat' dir='ltr'>sibi</span> <span class='ocrx_word' id='word_1_255' title='bbox 2090 3872 2382 3949; x_wconf 75' lang='lat' dir='ltr'>Abgarns</span> <span class='ocrx_word' id='word_1_256' title='bbox 2421 3890 2533 3932; x_wconf 83' lang='lat' dir='ltr'>rex</span> <span class='ocrx_word' id='word_1_257' title='bbox 2571 3871 2990 3932; x_wconf 80' lang='lat' dir='ltr'>mausolaeum</span> <span class='ocrx_word' id='word_1_258' title='bbox 3013 3894 3067 3933; x_wconf 82' lang='lat'>›.</span> 
     </span>
    </p>

    <p class='ocr_par' dir='ltr' id='par_1_6' title="bbox 1212 3965 4098 4352">
     <span class='ocr_line' id='line_1_26' title="bbox 1372 3965 4098 4047; baseline 0 -20"><span class='ocrx_word' id='word_1_259' title='bbox 1372 3965 1398 4002; x_wconf 77' lang='lat'>²</span> <span class='ocrx_word' id='word_1_260' title='bbox 1427 3966 1847 4045; x_wconf 85' lang='lat' dir='ltr'>Epistolarum</span> <span class='ocrx_word' id='word_1_261' title='bbox 1890 3966 2280 4046; x_wconf 85' lang='lat' dir='ltr'>exemplaria,</span> <span class='ocrx_word' id='word_1_262' title='bbox 2323 3985 2482 4045; x_wconf 91' lang='grc'><strong>6666</strong></span> <span class='ocrx_word' id='word_1_263' title='bbox 2521 3966 2866 4046; x_wconf 81' lang='lat' dir='ltr'>Peregrina</span> <span class='ocrx_word' id='word_1_264' title='bbox 2918 3967 2983 4029; x_wconf 91' lang='grc'>16</span> <span class='ocrx_word' id='word_1_265' title='bbox 3035 3967 3240 4046; x_wconf 88' lang='lat' dir='ltr'>patria</span> <span class='ocrx_word' id='word_1_266' title='bbox 3295 3972 3632 4047; x_wconf 87' lang='lat' dir='ltr'>acceperat,</span> <span class='ocrx_word' id='word_1_267' title='bbox 3685 3965 3965 4046; x_wconf 86' lang='lat' dir='ltr'>profecto</span> <span class='ocrx_word' id='word_1_268' title='bbox 4020 3985 4098 4028; x_wconf 82' lang='lat' dir='ltr'>ex</span> 
     </span>
     <span class='ocr_line' id='line_1_27' title="bbox 1213 4063 4098 4147; baseline 0 -22"><span class='ocrx_word' id='word_1_269' title='bbox 1213 4063 1473 4126; x_wconf 88' lang='lat' dir='ltr'>historia</span> <span class='ocrx_word' id='word_1_270' title='bbox 1512 4065 1844 4126; x_wconf 88' lang='lat' dir='ltr'>eusebiana</span> <span class='ocrx_word' id='word_1_271' title='bbox 1884 4065 2179 4146; x_wconf 90' lang='lat' dir='ltr'>(nondum</span> <span class='ocrx_word' id='word_1_272' title='bbox 2220 4086 2258 4126; x_wconf 89' lang='grc'>6</span> <span class='ocrx_word' id='word_1_273' title='bbox 2296 4064 2520 4126; x_wconf 88' lang='lat' dir='ltr'>Rufino</span> <span class='ocrx_word' id='word_1_274' title='bbox 2563 4063 2951 4142; x_wconf 83' lang='lat' dir='ltr'>Aquileiensi</span> <span class='ocrx_word' id='word_1_275' title='bbox 2990 4065 3055 4125; x_wconf 93' lang='grc'>16</span> <span class='ocrx_word' id='word_1_276' title='bbox 3083 4065 3345 4127; x_wconf 84' lang='grc'><strong>16116616</strong></span> <span class='ocrx_word' id='word_1_277' title='bbox 3373 4064 3702 4147; x_wconf 86' lang='lat' dir='ltr'>translata)</span> <span class='ocrx_word' id='word_1_278' title='bbox 3734 4064 4098 4144; x_wconf 85' lang='lat' dir='ltr'>deprompta</span> 
     </span>
     <span class='ocr_line' id='line_1_28' title="bbox 1214 4162 4098 4244; baseline -0.001 -17"><span class='ocrx_word' id='word_1_279' title='bbox 1214 4172 1406 4242; x_wconf 90' lang='lat' dir='ltr'>erant,</span> <span class='ocrx_word' id='word_1_280' title='bbox 1448 4168 1514 4225; x_wconf 91' lang='grc'>16</span> <span class='ocrx_word' id='word_1_281' title='bbox 1553 4164 1793 4243; x_wconf 86' lang='lat' dir='ltr'>quibus,</span> <span class='ocrx_word' id='word_1_282' title='bbox 1834 4171 1908 4225; x_wconf 92' lang='lat' dir='ltr'>ut</span> <span class='ocrx_word' id='word_1_283' title='bbox 1947 4164 2231 4243; x_wconf 88' lang='lat' dir='ltr'>superius</span> <span class='ocrx_word' id='word_1_284' title='bbox 2273 4163 2559 4244; x_wconf 84' lang='lat' dir='ltr'>diximus,</span> <span class='ocrx_word' id='word_1_285' title='bbox 2601 4162 2974 4244; x_wconf 88' lang='lat' dir='ltr'>promissum</span> <span class='ocrx_word' id='word_1_286' title='bbox 3016 4163 3254 4226; x_wconf 86' lang='lat' dir='ltr'>Christi</span> <span class='ocrx_word' id='word_1_287' title='bbox 3296 4164 3512 4227; x_wconf 88' lang='lat' dir='ltr'>deerat</span> <span class='ocrx_word' id='word_1_288' title='bbox 3553 4184 3665 4243; x_wconf 92' lang='lat' dir='ltr'>pro</span> <span class='ocrx_word' id='word_1_289' title='bbox 3700 4163 3979 4226; x_wconf 79' lang='lat' dir='ltr'>Edessae</span> <span class='ocrx_word' id='word_1_290' title='bbox 4006 4163 4098 4224; x_wconf 90' lang='lat' dir='ltr'>in·</span> 
     </span>
     <span class='ocr_line' id='line_1_29' title="bbox 1212 4264 3796 4352; baseline -0.004 -26"><span class='ocrx_word' id='word_1_291' title='bbox 1212 4264 1590 4326; x_wconf 86' lang='lat' dir='ltr'>columitate.</span> <span class='ocrx_word' id='word_1_292' title='bbox 3148 4328 3158 4335; x_wconf 50' lang='lat'><strong><em>‚</em></strong></span> <span class='ocrx_word' id='word_1_293' title='bbox 3787 4343 3796 4352; x_wconf 28' lang='grc' dir='ltr'>ι</span> 
     </span>
    </p>

    <p class='ocr_par' dir='ltr' id='par_1_7' title="bbox 1214 4359 4092 4524">
     <span class='ocr_line' id='line_1_30' title="bbox 1372 4359 4092 4441; baseline 0 -18"><span class='ocrx_word' id='word_1_294' title='bbox 1372 4362 1397 4400; x_wconf 80' lang='lat'>³</span> <span class='ocrx_word' id='word_1_295' title='bbox 1426 4362 1577 4424; x_wconf 85' lang='grc'><strong>0611.</strong></span> <span class='ocrx_word' id='word_1_296' title='bbox 1625 4385 1657 4420; x_wconf 87' lang='lat'><strong>‹</strong></span> <span class='ocrx_word' id='word_1_297' title='bbox 1679 4360 1842 4423; x_wconf 87' lang='lat' dir='ltr'>unde</span> <span class='ocrx_word' id='word_1_298' title='bbox 1884 4361 1940 4423; x_wconf 89' lang='lat' dir='ltr'>si</span> <span class='ocrx_word' id='word_1_299' title='bbox 1977 4361 2149 4423; x_wconf 89' lang='lat' dir='ltr'>Deus</span> <span class='ocrx_word' id='word_1_300' title='bbox 2190 4367 2405 4424; x_wconf 90' lang='lat' dir='ltr'>noster</span> <span class='ocrx_word' id='word_1_301' title='bbox 2442 4362 2624 4424; x_wconf 87' lang='lat' dir='ltr'>Iesus</span> <span class='ocrx_word' id='word_1_302' title='bbox 2664 4360 2938 4440; x_wconf 88' lang='lat' dir='ltr'>iusserit,</span> <span class='ocrx_word' id='word_1_303' title='bbox 2971 4367 3037 4423; x_wconf 90' lang='lat' dir='ltr'>et</span> <span class='ocrx_word' id='word_1_304' title='bbox 3075 4380 3322 4441; x_wconf 84' lang='lat' dir='ltr'>venero,</span> <span class='ocrx_word' id='word_1_305' title='bbox 3363 4361 3431 4422; x_wconf 92' lang='lat' dir='ltr'>in</span> <span class='ocrx_word' id='word_1_306' title='bbox 3467 4360 3672 4441; x_wconf 89' lang='lat' dir='ltr'>patria</span> <span class='ocrx_word' id='word_1_307' title='bbox 3711 4359 3839 4439; x_wconf 83' lang='lat' dir='ltr'>legi</span> <span class='ocrx_word' id='word_1_308' title='bbox 3881 4360 3937 4423; x_wconf 86' lang='grc'>31</span> <span class='ocrx_word' id='word_1_309' title='bbox 3977 4381 4092 4424; x_wconf 83' lang='lat' dir='ltr'>vos</span> 
     </span>
     <span class='ocr_line' id='line_1_31' title="bbox 1214 4461 2079 4524; baseline -0.003 0"><span class='ocrx_word' id='word_1_310' title='bbox 1214 4461 1498 4524; x_wconf 88' lang='lat' dir='ltr'>dominae</span> <span class='ocrx_word' id='word_1_311' title='bbox 1540 4463 1780 4523; x_wconf 87' lang='lat' dir='ltr'>animae</span> <span class='ocrx_word' id='word_1_312' title='bbox 1823 4481 1997 4523; x_wconf 84' lang='lat' dir='ltr'>meae</span> <span class='ocrx_word' id='word_1_313' title='bbox 2025 4484 2079 4521; x_wconf 85' lang='lat'>».</span> 
     </span>
    </p>

    <p class='ocr_par' dir='ltr' id='par_1_8' title="bbox 1211 4556 4097 5128">
     <span class='ocr_line' id='line_1_32' title="bbox 1370 4556 4096 4637; baseline -0.001 -17"><span class='ocrx_word' id='word_1_314' title='bbox 1370 4559 1397 4596; x_wconf 85' lang='lat'><strong>⁴</strong></span> <span class='ocrx_word' id='word_1_315' title='bbox 1424 4559 1528 4620; x_wconf 85' lang='lat' dir='ltr'>Sic</span> <span class='ocrx_word' id='word_1_316' title='bbox 1568 4558 1703 4620; x_wconf 87' lang='lat' dir='ltr'>cod.</span> <span class='ocrx_word' id='word_1_317' title='bbox 1745 4579 1882 4620; x_wconf 89' lang='lat' dir='ltr'>cum</span> <span class='ocrx_word' id='word_1_318' title='bbox 1923 4557 2321 4637; x_wconf 75' lang='lat' dir='ltr'>aspirationis</span> <span class='ocrx_word' id='word_1_319' title='bbox 2361 4564 2509 4619; x_wconf 86' lang='lat' dir='ltr'>nota</span> <span class='ocrx_word' id='word_1_320' title='bbox 2549 4557 2614 4619; x_wconf 91' lang='grc'>16</span> <span class='ocrx_word' id='word_1_321' title='bbox 2653 4577 2714 4620; x_wconf 83' lang='lat' dir='ltr'>v.</span> <span class='ocrx_word' id='word_1_322' title='bbox 2759 4557 3013 4619; x_wconf 84' lang='lat' dir='ltr'>Charris</span> <span class='ocrx_word' id='word_1_323' title='bbox 3055 4556 3446 4637; x_wconf 88' lang='lat' dir='ltr'>superposita</span> <span class='ocrx_word' id='word_1_324' title='bbox 3471 4557 3550 4618; x_wconf 89' lang='lat' dir='ltr'>ab</span> <span class='ocrx_word' id='word_1_325' title='bbox 3580 4575 3968 4635; x_wconf 89' lang='lat' dir='ltr'>amanuense,</span> <span class='ocrx_word' id='word_1_326' title='bbox 3997 4556 4096 4617; x_wconf 89' lang='lat' dir='ltr'>iti-</span> 
     </span>
     <span class='ocr_line' id='line_1_33' title="bbox 1213 4654 4093 4734; baseline -0.001 -17"><span class='ocrx_word' id='word_1_327' title='bbox 1213 4657 1353 4719; x_wconf 91' lang='lat' dir='ltr'>dem</span> <span class='ocrx_word' id='word_1_328' title='bbox 1394 4658 1460 4717; x_wconf 91' lang='grc'>16</span> <span class='ocrx_word' id='word_1_329' title='bbox 1509 4656 1760 4719; x_wconf 71' lang='lat' dir='ltr'>Charra</span> <span class='ocrx_word' id='word_1_330' title='bbox 1802 4657 2105 4734; x_wconf 79' lang='lat' dir='ltr'>sequenti,</span> <span class='ocrx_word' id='word_1_331' title='bbox 2147 4664 2371 4734; x_wconf 88' lang='lat' dir='ltr'>postea</span> <span class='ocrx_word' id='word_1_332' title='bbox 2408 4676 2737 4733; x_wconf 85' lang='lat' dir='ltr'>numquam</span> <span class='ocrx_word' id='word_1_333' title='bbox 2776 4657 3026 4718; x_wconf 86' lang='lat' dir='ltr'>relicta:</span> <span class='ocrx_word' id='word_1_334' title='bbox 3065 4654 3229 4732; x_wconf 90' lang='lat' dir='ltr'>quod</span> <span class='ocrx_word' id='word_1_335' title='bbox 3258 4654 3578 4716; x_wconf 87' lang='lat' dir='ltr'>derivatur</span> <span class='ocrx_word' id='word_1_336' title='bbox 3608 4674 3685 4716; x_wconf 86' lang='lat' dir='ltr'>ex</span> <span class='ocrx_word' id='word_1_337' title='bbox 3710 4674 3934 4731; x_wconf 86' lang='lat' dir='ltr'>graeca</span> <span class='ocrx_word' id='word_1_338' title='bbox 3959 4673 4093 4716; x_wconf 83' lang='lat' dir='ltr'>ver·</span> 
     </span>
     <span class='ocr_line' id='line_1_34' title="bbox 1214 4750 4091 4846; baseline -0.001 -31"><span class='ocrx_word' id='word_1_339' title='bbox 1214 4754 1387 4815; x_wconf 89' lang='lat' dir='ltr'>sione</span> <span class='ocrx_word' id='word_1_340' title='bbox 1433 4754 1695 4846; x_wconf 78' lang='grc' dir='ltr'>Χαῤῥάν,</span> <span class='ocrx_word' id='word_1_341' title='bbox 1741 4753 1919 4814; x_wconf 88' lang='grc'><strong>66163</strong></span> <span class='ocrx_word' id='word_1_342' title='bbox 1958 4773 2181 4814; x_wconf 89' lang='lat' dir='ltr'>nomen</span> <span class='ocrx_word' id='word_1_343' title='bbox 2221 4772 2440 4829; x_wconf 87' lang='lat' dir='ltr'>graece</span> <span class='ocrx_word' id='word_1_344' title='bbox 2484 4754 2716 4843; x_wconf 77' lang='grc' dir='ltr'>Χάρραι</span> <span class='ocrx_word' id='word_1_345' title='bbox 2759 4759 2825 4814; x_wconf 91' lang='lat' dir='ltr'>et</span> <span class='ocrx_word' id='word_1_346' title='bbox 2864 4751 3059 4813; x_wconf 86' lang='lat' dir='ltr'>latine</span> <span class='ocrx_word' id='word_1_347' title='bbox 3109 4752 3344 4813; x_wconf 81' lang='lat' dir='ltr'>Garrac</span> <span class='ocrx_word' id='word_1_348' title='bbox 3398 4751 3697 4830; x_wconf 87' lang='lat' dir='ltr'>scriptum</span> <span class='ocrx_word' id='word_1_349' title='bbox 3751 4758 3867 4813; x_wconf 90' lang='lat' dir='ltr'>est.</span> <span class='ocrx_word' id='word_1_350' title='bbox 3923 4750 4091 4812; x_wconf 88' lang='lat' dir='ltr'>Urbs</span> 
     </span>
     <span class='ocr_line' id='line_1_35' title="bbox 1211 4840 4094 4930; baseline -0.001 -17"><span class='ocrx_word' id='word_1_351' title='bbox 1211 4850 1699 4930; x_wconf 76' lang='lat' dir='ltr'>Mesopotamiae</span> <span class='ocrx_word' id='word_1_352' title='bbox 1741 4851 1821 4912; x_wconf 88' lang='lat' dir='ltr'>ad</span> <span class='ocrx_word' id='word_1_353' title='bbox 1863 4851 2165 4914; x_wconf 81' lang='lat' dir='ltr'>orientem</span> <span class='ocrx_word' id='word_1_354' title='bbox 2205 4840 2505 4929; x_wconf 84' lang='lat' dir='ltr'>Edessae,</span> <span class='ocrx_word' id='word_1_355' title='bbox 2543 4869 2729 4928; x_wconf 89' lang='lat' dir='ltr'>quare</span> <span class='ocrx_word' id='word_1_356' title='bbox 2756 4850 3099 4928; x_wconf 86' lang='lat' dir='ltr'>Peregrina</span> <span class='ocrx_word' id='word_1_357' title='bbox 3124 4849 3283 4910; x_wconf 84' lang='lat' dir='ltr'>dixit</span> <span class='ocrx_word' id='word_1_358' title='bbox 3309 4855 3376 4910; x_wconf 80' lang='lat' dir='ltr'>in</span> <span class='ocrx_word' id='word_1_359' title='bbox 3405 4857 3547 4910; x_wconf 78' lang='lat' dir='ltr'>ante</span> <span class='ocrx_word' id='word_1_360' title='bbox 3574 4849 3867 4911; x_wconf 85' lang='lat' dir='ltr'>accedere</span> <span class='ocrx_word' id='word_1_361' title='bbox 3895 4868 4094 4926; x_wconf 89' lang='lat' dir='ltr'>usque</span> 
     </span>
     <span class='ocr_line' id='line_1_36' title="bbox 1213 4947 4097 5033; baseline -0.001 -22"><span class='ocrx_word' id='word_1_362' title='bbox 1213 4951 1293 5011; x_wconf 87' lang='lat' dir='ltr'>ad</span> <span class='ocrx_word' id='word_1_363' title='bbox 1335 4950 1621 5029; x_wconf 82' lang='grc'><strong>01161163,</strong></span> <span class='ocrx_word' id='word_1_364' title='bbox 1663 4949 1730 5010; x_wconf 88' lang='grc'>111</span> <span class='ocrx_word' id='word_1_365' title='bbox 1773 4956 1872 5012; x_wconf 89' lang='lat' dir='ltr'>est</span> <span class='ocrx_word' id='word_1_366' title='bbox 1912 4950 2212 5021; x_wconf 83' lang='lat' dir='ltr'>orientem</span> <span class='ocrx_word' id='word_1_367' title='bbox 2251 4969 2489 5011; x_wconf 85' lang='lat' dir='ltr'>versus.</span> <span class='ocrx_word' id='word_1_368' title='bbox 2550 4948 2651 5009; x_wconf 89' lang='lat' dir='ltr'>Ibi</span> <span class='ocrx_word' id='word_1_369' title='bbox 2691 4947 2999 5010; x_wconf 84' lang='lat' dir='ltr'>habitavit</span> <span class='ocrx_word' id='word_1_370' title='bbox 3049 4955 3115 5011; x_wconf 89' lang='lat' dir='ltr'>et</span> <span class='ocrx_word' id='word_1_371' title='bbox 3166 4954 3445 5009; x_wconf 88' lang='lat' dir='ltr'>mortuus</span> <span class='ocrx_word' id='word_1_372' title='bbox 3502 4955 3601 5033; x_wconf 86' lang='lat' dir='ltr'>est</span> <span class='ocrx_word' id='word_1_373' title='bbox 3655 4947 3861 5009; x_wconf 85' lang='lat' dir='ltr'>Thare</span> <span class='ocrx_word' id='word_1_374' title='bbox 3914 4954 4097 5026; x_wconf 86' lang='lat' dir='ltr'>pater</span> 
     </span>
     <span class='ocr_line' id='line_1_37' title="bbox 1212 5044 4091 5128; baseline -0.001 -20"><span class='ocrx_word' id='word_1_375' title='bbox 1212 5048 1527 5109; x_wconf 88' lang='lat' dir='ltr'>Abraham</span> <span class='ocrx_word' id='word_1_376' title='bbox 1557 5048 1738 5128; x_wconf 85' lang='lat' dir='ltr'>(Gen.</span> <span class='ocrx_word' id='word_1_377' title='bbox 1768 5048 1886 5126; x_wconf 86' lang='lat' dir='ltr'>XI,</span> <span class='ocrx_word' id='word_1_378' title='bbox 1911 5049 2008 5126; x_wconf 87' lang='grc'>31,</span> <span class='ocrx_word' id='word_1_379' title='bbox 2030 5048 2167 5127; x_wconf 82' lang='lat'>32):</span> <span class='ocrx_word' id='word_1_380' title='bbox 2195 5047 2303 5126; x_wconf 90' lang='lat' dir='ltr'>ibi,</span> <span class='ocrx_word' id='word_1_381' title='bbox 2334 5066 2472 5107; x_wconf 89' lang='grc'><strong>6616</strong></span> <span class='ocrx_word' id='word_1_382' title='bbox 2491 5047 2803 5108; x_wconf 88' lang='lat' dir='ltr'>Abraham</span> <span class='ocrx_word' id='word_1_383' title='bbox 2826 5047 3226 5122; x_wconf 86' lang='lat' dir='ltr'>decessisset,</span> <span class='ocrx_word' id='word_1_384' title='bbox 3248 5045 3547 5108; x_wconf 87' lang='lat' dir='ltr'>remansit</span> <span class='ocrx_word' id='word_1_385' title='bbox 3572 5044 3810 5107; x_wconf 83' lang='lat' dir='ltr'>familia</span> <span class='ocrx_word' id='word_1_386' title='bbox 3835 5044 4091 5105; x_wconf 87' lang='lat' dir='ltr'>Labani.</span> 
     </span>
    </p>

    <p class='ocr_par' dir='ltr' id='par_1_9' title="bbox 1210 5143 4093 5424">
     <span class='ocr_line' id='line_1_38' title="bbox 1371 5143 4092 5226; baseline -0 -21"><span class='ocrx_word' id='word_1_387' title='bbox 1371 5145 1396 5181; x_wconf 81' lang='lat'><strong>⁵</strong></span> <span class='ocrx_word' id='word_1_388' title='bbox 1423 5145 1628 5208; x_wconf 85' lang='lat' dir='ltr'>Locus</span> <span class='ocrx_word' id='word_1_389' title='bbox 1669 5146 2011 5226; x_wconf 88' lang='lat' dir='ltr'>scripturae</span> <span class='ocrx_word' id='word_1_390' title='bbox 2056 5145 2240 5226; x_wconf 85' lang='lat' dir='ltr'>(Gen.</span> <span class='ocrx_word' id='word_1_391' title='bbox 2281 5145 2437 5221; x_wconf 90' lang='lat' dir='ltr'>XII,</span> <span class='ocrx_word' id='word_1_392' title='bbox 2479 5165 2539 5206; x_wconf 89' lang='lat' dir='ltr'>v.</span> <span class='ocrx_word' id='word_1_393' title='bbox 2585 5146 2645 5226; x_wconf 91' lang='lat'>1)</span> <span class='ocrx_word' id='word_1_394' title='bbox 2688 5145 2790 5205; x_wconf 90' lang='lat' dir='ltr'>hic</span> <span class='ocrx_word' id='word_1_395' title='bbox 2829 5145 2989 5207; x_wconf 87' lang='lat' dir='ltr'>male</span> <span class='ocrx_word' id='word_1_396' title='bbox 3030 5143 3359 5206; x_wconf 89' lang='lat' dir='ltr'>adducitur</span> <span class='ocrx_word' id='word_1_397' title='bbox 3392 5149 3458 5205; x_wconf 90' lang='lat' dir='ltr'>et</span> <span class='ocrx_word' id='word_1_398' title='bbox 3484 5144 3924 5222; x_wconf 88' lang='lat' dir='ltr'>interpolatur:</span> <span class='ocrx_word' id='word_1_399' title='bbox 3951 5163 4092 5204; x_wconf 90' lang='lat' dir='ltr'>nam</span> 
     </span>
     <span class='ocr_line' id='line_1_39' title="bbox 1213 5237 4093 5331; baseline -0.002 -25"><span class='ocrx_word' id='word_1_400' title='bbox 1213 5241 1542 5331; x_wconf 38' lang='lat' dir='ltr'>Abraham·</span> <span class='ocrx_word' id='word_1_401' title='bbox 1559 5243 1780 5323; x_wconf 82' lang='lat' dir='ltr'>jussus</span> <span class='ocrx_word' id='word_1_402' title='bbox 1823 5248 1924 5305; x_wconf 90' lang='lat' dir='ltr'>est</span> <span class='ocrx_word' id='word_1_403' title='bbox 1961 5263 1999 5303; x_wconf 90' lang='lat' dir='ltr'>a</span> <span class='ocrx_word' id='word_1_404' title='bbox 2037 5241 2302 5303; x_wconf 90' lang='lat' dir='ltr'>Domino</span> <span class='ocrx_word' id='word_1_405' title='bbox 2346 5241 2425 5304; x_wconf 90' lang='lat' dir='ltr'>de</span> <span class='ocrx_word' id='word_1_406' title='bbox 2465 5241 2680 5303; x_wconf 89' lang='lat' dir='ltr'>Haran</span> <span class='ocrx_word' id='word_1_407' title='bbox 2719 5242 2824 5304; x_wconf 84' lang='lat' dir='ltr'>vel</span> <span class='ocrx_word' id='word_1_408' title='bbox 2866 5241 3145 5304; x_wconf 84' lang='lat' dir='ltr'>Charran</span> <span class='ocrx_word' id='word_1_409' title='bbox 3186 5240 3355 5303; x_wconf 81' lang='lat' dir='ltr'>exire</span> <span class='ocrx_word' id='word_1_410' title='bbox 3392 5247 3539 5319; x_wconf 89' lang='lat' dir='ltr'>post</span> <span class='ocrx_word' id='word_1_411' title='bbox 3579 5246 3843 5302; x_wconf 87' lang='lat' dir='ltr'>mortem</span> <span class='ocrx_word' id='word_1_412' title='bbox 3888 5237 4093 5300; x_wconf 78' lang='lat' dir='ltr'>&#39;I&#39;hare</span> 
     </span>
     <span class='ocr_line' id='line_1_40' title="bbox 1210 5340 3677 5424; baseline -0.001 -21"><span class='ocrx_word' id='word_1_413' title='bbox 1210 5340 1411 5422; x_wconf 86' lang='lat' dir='ltr'>patris</span> <span class='ocrx_word' id='word_1_414' title='bbox 1454 5341 1571 5403; x_wconf 82' lang='lat' dir='ltr'>sui.</span> <span class='ocrx_word' id='word_1_415' title='bbox 3672 5419 3677 5424; x_wconf 89' lang='lat'>.</span> 
     </span>
    </p>

    <p class='ocr_par' dir='ltr' id='par_1_10' title="bbox 1211 5433 4093 5721">
     <span class='ocr_line' id='line_1_41' title="bbox 1371 5433 4089 5521; baseline -0.002 -19"><span class='ocrx_word' id='word_1_416' title='bbox 1371 5440 1398 5477; x_wconf 76' lang='lat'>⁰</span> <span class='ocrx_word' id='word_1_417' title='bbox 1424 5440 1604 5502; x_wconf 87' lang='lat' dir='ltr'>Anno</span> <span class='ocrx_word' id='word_1_418' title='bbox 1646 5441 1762 5501; x_wconf 86' lang='lat'>371</span> <span class='ocrx_word' id='word_1_419' title='bbox 1805 5440 2021 5502; x_wconf 82' lang='lat' dir='ltr'>Vitam</span> <span class='ocrx_word' id='word_1_420' title='bbox 2062 5439 2418 5521; x_wconf 84' lang='lat' dir='ltr'>episcopum</span> <span class='ocrx_word' id='word_1_421' title='bbox 2460 5440 2830 5502; x_wconf 87' lang='lat' dir='ltr'>Charrarum</span> <span class='ocrx_word' id='word_1_422' title='bbox 2858 5438 3054 5501; x_wconf 87' lang='lat' dir='ltr'>fuisse</span> <span class='ocrx_word' id='word_1_423' title='bbox 3083 5445 3147 5500; x_wconf 89' lang='lat' dir='ltr'>et</span> <span class='ocrx_word' id='word_1_424' title='bbox 3174 5443 3317 5500; x_wconf 88' lang='lat' dir='ltr'>ante</span> <span class='ocrx_word' id='word_1_425' title='bbox 3343 5456 3568 5499; x_wconf 87' lang='lat' dir='ltr'>munus</span> <span class='ocrx_word' id='word_1_426' title='bbox 3610 5434 3959 5518; x_wconf 84' lang='lat' dir='ltr'>episcopale</span> <span class='ocrx_word' id='word_1_427' title='bbox 3998 5433 4089 5497; x_wconf 84' lang='lat' dir='ltr'>vi·</span> 
     </span>
     <span class='ocr_line' id='line_1_42' title="bbox 1211 5533 4090 5620; baseline -0.002 -21"><span class='ocrx_word' id='word_1_428' title='bbox 1211 5544 1341 5599; x_wconf 89' lang='lat' dir='ltr'>tam</span> <span class='ocrx_word' id='word_1_429' title='bbox 1378 5539 1781 5601; x_wconf 89' lang='lat' dir='ltr'>monasticam</span> <span class='ocrx_word' id='word_1_430' title='bbox 1822 5539 2089 5600; x_wconf 88' lang='lat' dir='ltr'>coluisse</span> <span class='ocrx_word' id='word_1_431' title='bbox 2132 5538 2363 5601; x_wconf 88' lang='lat' dir='ltr'>scimus</span> <span class='ocrx_word' id='word_1_432' title='bbox 2406 5538 2667 5620; x_wconf 80' lang='lat' dir='ltr'>(Sozom.</span> <span class='ocrx_word' id='word_1_433' title='bbox 2709 5538 2791 5599; x_wconf 91' lang='grc' dir='ltr'>Η.</span> <span class='ocrx_word' id='word_1_434' title='bbox 2833 5538 2875 5599; x_wconf 95' lang='grc'>1.</span> <span class='ocrx_word' id='word_1_435' title='bbox 2917 5537 2995 5616; x_wconf 90' lang='lat' dir='ltr'>V,</span> <span class='ocrx_word' id='word_1_436' title='bbox 3032 5557 3083 5598; x_wconf 91' lang='lat' dir='ltr'>c.</span> <span class='ocrx_word' id='word_1_437' title='bbox 3114 5537 3238 5617; x_wconf 84' lang='lat'>33).</span> <span class='ocrx_word' id='word_1_438' title='bbox 3265 5536 3512 5598; x_wconf 86' lang='lat' dir='ltr'>Mortuo</span> <span class='ocrx_word' id='word_1_439' title='bbox 3539 5535 3808 5598; x_wconf 88' lang='lat' dir='ltr'>Valente</span> <span class='ocrx_word' id='word_1_440' title='bbox 3836 5534 3916 5614; x_wconf 85' lang='lat' dir='ltr'>(a.</span> <span class='ocrx_word' id='word_1_441' title='bbox 3944 5533 4090 5612; x_wconf 86' lang='grc'><strong>378)</strong></span> 
     </span>
     <span class='ocr_line' id='line_1_43' title="bbox 1212 5632 4093 5721; baseline -0.002 -25"><span class='ocrx_word' id='word_1_442' title='bbox 1212 5636 1602 5721; x_wconf 25' lang='lat' dir='ltr'>Protogenes·</span> <span class='ocrx_word' id='word_1_443' title='bbox 1638 5636 1996 5699; x_wconf 83' lang='lat' dir='ltr'>Edessenae</span> <span class='ocrx_word' id='word_1_444' title='bbox 2037 5635 2337 5700; x_wconf 87' lang='lat' dir='ltr'>ecclesiae</span> <span class='ocrx_word' id='word_1_445' title='bbox 2376 5637 2724 5717; x_wconf 79' lang='lat' dir='ltr'>presbyter,</span> <span class='ocrx_word' id='word_1_446' title='bbox 2765 5641 2911 5717; x_wconf 87' lang='lat' dir='ltr'>post</span> <span class='ocrx_word' id='word_1_447' title='bbox 2951 5634 3203 5697; x_wconf 84' lang='lat' dir='ltr'>exilium</span> <span class='ocrx_word' id='word_1_448' title='bbox 3250 5654 3363 5714; x_wconf 87' lang='lat' dir='ltr'>pro</span> <span class='ocrx_word' id='word_1_449' title='bbox 3416 5632 3539 5696; x_wconf 88' lang='lat' dir='ltr'>fide</span> <span class='ocrx_word' id='word_1_450' title='bbox 3580 5650 3943 5713; x_wconf 83' lang='lat' dir='ltr'>perpessum</span> <span class='ocrx_word' id='word_1_451' title='bbox 3982 5648 4093 5692; x_wconf 85' lang='lat' dir='ltr'>re-</span> 
     </span>
    </p>
   </div>
   <div class='ocr_carea' id='block_1_4' title="bbox 4623 0 4630 6470">
    <p class='ocr_par' dir='ltr' id='par_1_11' title="bbox 4623 0 4630 6470">
     <span class='ocr_line' id='line_1_44' title="bbox 4623 0 4630 6470; baseline 0 0"><span class='ocrx_word' id='word_1_452' title='bbox 4623 0 4630 6470; x_wconf 95' lang='lat' dir='ltr'> </span> 
     </span>
    </p>
   </div>
  </div>
 </body>
</html>
