4642 6650
1228 779 1430 826 xxx1v
2476 780 2841 827 PRAEFATIO

1227 1006 1493 1077 sancta
1545 1003 1776 1096 atquo
1829 998 2304 1095 intelligendi
2360 999 2836 1095 scripturam,
2894 999 3128 1072 animi
3177 997 3654 1094 corporisque
3690 997 4080 1073 fortitudi-

1225 1168 1425 1235 nem,
1483 1167 1836 1240 magnam
1891 1143 2214 1238 denique
2269 1144 2849 1219 auctoritatem:
2891 1164 3043 1238 quo
3081 1143 3482 1239 praeterea
3519 1143 3861 1238 tempore
3896 1139 4079 1215 Hie·

1219 1291 1706 1387 rosolymam,
1762 1310 1896 1386 per
1949 1288 2388 1385 Aegyptum
2426 1291 2507 1362 et
2541 1289 3169 1383 Mesopotamiam
3209 1287 3360 1361 iter
3413 1286 3767 1382 suscepit,
3816 1288 4075 1362 aetate

1162 1408 1169 1414 ’
1219 1433 1527 1522 scilicet,
1585 1434 1677 1504 ui
1732 1430 2082 1522 diximus,
2140 1429 2567 1520 Theodosii,
2624 1431 2747 1506 vei
2818 1430 3077 1526 potius
3146 1429 3350 1504 inter
3404 1452 3642 1504 annos
3700 1428 4073 1503 sel-ses.

1220 1576 1518 1651 Nomen
1554 1577 1861 1647 tantum
1901 1574 2064 1648 eius
2101 1572 2319 1647 nobis
2358 1572 2733 1669 ignotum,
2773 1573 2976 1669 quod
3014 1592 3105 1648 ea
3142 1573 3578 1649 conditione
3624 1572 3868 1668 iisque
3921 1573 4073 1649 vir·

1218 1717 1519 1792 tutibus
1574 1716 1921 1812 praedita
1977 1738 2148 1791 cum
2185 1717 2455 1812 quavis
2491 1737 2585 1791 ex
2623 1716 2776 1790 illis
2830 1715 3181 1791 omnibus
3237 1716 3686 1812 praesertim
3742 1716 3838 1790 ab
3893 1715 4074 1790 Hie·

1216 1883 1536 1959 ronymo
1593 1860 2031 1935 memoratis
2087 1859 2427 1937 conferre
2482 1883 2636 1934 non
2690 1883 2904 1956 posse
2939 1859 3267 1936 videtur.
3309 1860 3717 1937 Enimvero
3773 1861 3856 1934 in
3911 1859 4072 1956 epi·

1218 2007 1418 2081 stola
1473 2005 1758 2079 Paulae
1818 2007 1899 2078 et
1933 2003 2325 2080 Eustochii
2362 2005 2563 2081 idem
2600 2004 2758 2100 ipse
2796 2005 3096 2080 scribit:
3148 2008 3178 2040 “
3219 2005 3672 2101 quicumque
3708 2005 3786 2078 in
3827 2003 4075 2078 Gallia

1229 2206 1260 2238 „
1299 2148 1532 2223 fuerit
1558 2148 1844 2245 primus
1872 2147 2022 2221 huc
2059 2149 2417 2244 properat
2453 2169 2530 2234 „z
2572 2146 2700 2221 sed
2730 2149 3092 2244 cuiusque
3120 2147 3431 2222 nomina
3461 2148 3766 2222 omnino
3804 2147 4071 2237 tacuit,

1215 2293 1598 2368 neminem
1651 2291 1870 2365 nobis
1923 2290 2268 2381 tradidit,
2327 2294 2562 2387 atque
2615 2313 2711 2365 ne
2767 2315 3034 2366 ansam
3091 2291 3395 2388 quidem
3434 2291 3790 2387 praebuit
3824 2289 4072 2386 inqui·

1215 2434 1454 2509 rendi.
1514 2432 1755 2518 Quid‘l
1812 2432 2001 2505 nihil
2059 2432 2152 2508 de
2206 2432 2342 2506 illa
2398 2433 2701 2529 vestigii
2753 2434 2834 2507 in
2873 2433 3122 2507 Gallia
3159 2433 3575 2509 christiana
3621 2430 4075 2527 antiquioris

1215 2578 1387 2653 aevi
1443 2575 1823 2670 attingere
1879 2574 2114 2666 valui,
2171 2574 2673 2672 nequicquam
2731 2578 2969 2651 etiam
3023 2576 3409 2673 catalogos
3463 2578 3898 2650 sanctarum
3951 2574 4073 2648 vel

1217 2721 1737 2818 reliquiarum,
1796 2742 1992 2816 quae
2046 2720 2127 2794 in
2181 2721 2511 2797 ecclesiis
2565 2725 2707 2796 aut
2761 2724 2841 2796 in
2898 2722 3378 2797 monasteriis
3435 2721 3727 2794 Galliae
3773 2720 3855 2793 et
3892 2717 4070 2793 Ger-

1218 2865 1520 2939 maniae
1573 2864 2160 2955 venerabantur,
2217 2866 2527 2962 perlegi.

1377 3009 1608 3081 Eram
1665 3009 1841 3096 iam,
1900 3007 2103 3102 quod
2157 3008 2567 3105 Peregrina
2622 3031 2899 3084 nomen
2957 3010 3372 3099 habuisset,
3432 3030 3561 3104 spe
3630 3007 4071 3098 destitutus„

1219 3175 1450 3247 quum
1510 3152 1589 3224 in
1643 3149 1985 3224 Historia
2040 3150 2429 3243 Lausiaca,
2488 3154 2801 3227 auctore
2855 3150 3206 3226 Palladio
3263 3152 3610 3248 episcopo
3647 3150 4069 3247 Helenopo-

1213 3294 1372 3369 leos
1405 3286 1448 3385 ¹,
1507 3293 1587 3367 in
1646 3291 1962 3368 Silviam
2019 3293 2509 3390 spectabilem
2564 3294 2976 3370 foeminam
3032 3294 3281 3387 incidi,
3340 3316 3536 3392 quae
3573 3292 3840 3369 statim
3885 3292 4072 3367 mihi

1215 3440 1382 3514 visa
1436 3439 1555 3512 est
1611 3437 1709 3510 ad
1764 3441 2108 3512 nostram
2134 3439 2554 3538 ,aptissime
2608 3462 3046 3538 congruere.
3085 3440 3349 3516 Refert
3383 3438 3794 3530 Palladius,
3834 3461 4069 3535 quum

1216 3605 1372 3654 una
1425 3602 1593 3654 cum
1653 3579 1869 3654 sociis
1924 3580 2472 3679 Hierosolymis
2527 3582 2622 3655 ad
2665 3581 3098 3680 Aegyptum
3157 3584 3527 3680 pergeret,
3567 3605 3613 3656 a
3650 3603 3729 3656 se
3763 3581 4070 3655 beatam

1217 3723 1532 3800 Silviam
1587 3722 1963 3819 virginem
2010 3724 2415 3800 deductam
2453 3748 2637 3816 esse,
2677 3748 3014 3802 sororem
3050 3726 3327 3816 Rufini,
3369 3727 3500 3823 qui
3538 3725 3689 3800 fuit
3726 3745 4068 3828 exprae-

1215 3864 1458 3942 fectiS.
1515 3864 1811 3940 Accidit
1864 3869 1977 3957 ut,
2036 3887 2208 3941 cum
2265 3867 2654 3942 Pelusium
2711 3871 3255 3964 pervenissent,
3314 3869 3628 3944 Iubinus
3685 3870 4067 3957 diaconus„

1216 4012 1434 4083 aestu
1475 4008 1963 4083 vehementer
2000 4013 2414 4106 correptuS,
2456 4033 2656 4106 aqua
2691 4032 2773 4085 se
2811 4009 3085 4106 frigida
3123 4011 3511 4103 abluisset,
3549 4015 3818 4109 postea
3857 4013 4068 4109 quie-

1218 4154 1473 4229 visset.
1533 4152 1773 4240 Quem
1830 4142 1973 4227 ubi'
2020 4147 2261 4228 Silvia
2317 4155 2684 4250 adspexit,
2746 4155 3145 4229 mollitiem
3182 4157 3346 4230 eius
3383 4157 3895 4251 exprobravit,
3936 4156 4066 4231 ad·

1214 4298 1396 4373 dens
1449 4319 1624 4371 eum
1681 4298 2037 4372 iuvenem
2076 4297 2154 4371 id
2191 4320 2416 4394 agere
2473 4321 2624 4372 non
2665 4298 2927 4374 decere
2965 4304 3275 4396 propter
3316 4300 3585 4391 multa,
3628 4321 3821 4396 quae
3861 4299 4067 4373 ultro

1210 4443 1659 4537 sequuntur,
1700 4440 2000 4515 damna.
2042 4440 2372 4535 Confide,
2409 4441 2721 4534 confide,
2762 4442 3037 4539 inquit,
3078 4465 3244 4519 ecce
3281 4465 3424 4539 ago
3462 4466 3749 4517 annum
3788 4443 4072 4518 aetatis

1211 4584 1795 4681 sexagesimum3
1818 4589 2123 4682 praeter
2150 4610 2513 4660 manuum
2546 4609 2885 4663 mearum
2909 4590 3459 4681 extremitateS,
3483 4591 3563 4664 et
3591 4588 3734 4662 hoc
3752 4589 4067 4683 propter

1212 4729 1843 4818 communionem,
1899 4730 2200 4803 nullum
2255 4752 2348 4805 ex
2404 4732 2760 4805 membris
2814 4734 3002 4806 meis
3057 4753 3332 4826 aquam
3403 4731 3690 4827 tetigit,
3763 4730 4069 4806 etiamsi

1211 4893 1332 4945 me
1386 4871 1645 4947 variae
1705 4872 2127 4946 invaserint
2183 4874 2742 4968 aegritudines:
2784 4877 2865 4948 et
2901 4897 3137 4970 quum
3180 4898 3225 4947 a
3264 4875 3569 4949 medicis
3608 4896 3912 4971 cogerer
3949 4874 4070 4949 uti

1210 5015 1506 5105 balne0,
1566 5038 1717 5089 non
1772 5016 2068 5090 indulxi
2104 5018 2313 5092 carni
2351 5018 2665 5094 reddere
2703 5020 3070 5109 debitum,
3110 5042 3263 5093 non
3301 5019 3382 5092 in
3418 5019 3615 5094 lecto
3656 5019 4064 5115 quiescen8‚
4133 4999 4144 5010 ’

1208 5179 1363 5231 non
1400 5156 1750 5231 lecticam
1790 5180 2105 5253 usquam
2146 5162 2450 5254 gestata
2486 5160 2934 5256 ingrediens,
2969 5162 3034 5233 A
3071 5159 3416 5234 Palladio
3455 5161 3891 5235 doctissima
3932 5185 4064 5256 ap·

1208 5297 1566 5392 pellatur,
1599 5298 1798 5393 quod
1840 5301 2061 5373 tanto
2092 5299 2516 5374 doctrinam
2549 5291 2806 5376 amore
2838 5301 3226 5396 complexa
3256 5301 3380 5392 sit,
3429 5306 3514 5375 ut
3551 5305 3809 5376 noctes
3853 5302 4065 5376 uberi

1375 5519 1393 5556 ¹
1422 5520 1588 5582 Hist.
1632 5520 1816 5585 Laus.
1859 5544 1911 5585 c.
1957 5525 2091 5584 143.
2131 5543 2357 5587 nomen
2397 5524 2708 5588 Silvaniae
2747 5525 2994 5605 legitur,
3039 5524 3151 5588 sed
3192 5532 3461 5588 correcte
3502 5524 3570 5588 in
3605 5525 3906 5589 Paradiso
3947 5526 4069 5588 He-

1210 5618 1463 5682 raclidis
1507 5620 1584 5701 (c.
1625 5623 1730 5702 42)
1772 5622 1928 5684 illud
1971 5621 2221 5686 Silviae.
