4642 6650
1110 4249 1180 4306 36

1226 754 1312 820 42
2216 777 2270 821 s.
2319 776 2585 823 summ
2631 777 3123 825 passerumve

1379 991 1482 1066 Et
1535 993 1898 1089 quoniam
1960 994 2179 1069 nobis
2236 995 2388 1070 iter
2443 995 2549 1070 sic
2603 999 2794 1087 erat,
2853 998 2943 1070 ut
2998 1018 3132 1092 per
3182 996 3385 1072 valle
3442 996 3577 1070 illa
3640 998 3915 1089 media,
3957 1022 4111 1094 qua

1220 1117 1569 1192 tenditur
1620 1140 1757 1214 per
1808 1119 2123 1215 longum
2187 1120 2495 1211 1101330,
2551 1121 2630 1194 id
2667 1124 2785 1195 est
2821 1120 2956 1195 illa
3000 1121 3226 1211 valle,
3279 1144 3512 1217 quam
3543 1122 3887 1218 superius
3925 1123 4110 1213 dixi,

1221 1243 1355 1316 ubi
1417 1242 1775 1318 sederant
1836 1243 1976 1321 filii
2028 1243 2288 1337 Israel,
2348 1245 2528 1319 dum
2585 1245 2883 1343 Moyses
2938 1247 3382 1322 ascenderet
3431 1247 3512 1320 in
3551 1251 3907 1322 montem
3942 1248 4109 1339 Dei,

1223 1370 1305 1442 et
1359 1367 1885 1443 descenderet:
1941 1369 2206 1465 itaque
2278 1392 2458 1466 ergo
2517 1370 2843 1466 singula,
2910 1371 3554 1468 quemadmodum
3592 1373 3940 1448 venimus
3977 1395 4112 1469 per

1222 1494 1466 1589 ipsam
1520 1496 1773 1567 totam
1826 1493 2108 1569 vallem
2163 1515 2463 1591 semper
2514 1495 2732 1570 nobis
2788 1496 3034 1571 sancti
3087 1496 3204 1570 illi
3239 1497 3411 1572 loca
3456 1496 4113 1571 demonstrabant.

1222 1617 1425 1693 Na'm
1479 1618 1558 1691 in
1613 1618 1859 1714 primo
1914 1619 2161 1715 capite
2216 1620 2453 1716 ipsius
2516 1621 2766 1714 valliS,
2845 1622 2978 1695 301
3050 1643 3595 1713 manseramus,
3664 1625 3746 1697 et
3811 1623 4106 1697 videra-

1223 1766 1394 1818 mus
1450 1744 1729 1818 rubum
1773 1744 2018 1836 illum,
2075 1745 2171 1819 de
2225 1767 2377 1841 quo
2434 1744 2733 1822 locutus
2794 1749 2911 1821 est
2946 1746 3150 1821 Deus
3188 1749 3451 1821 sancto
3491 1746 3736 1843 Moysi
3775 1746 3854 1820 in
3891 1748 4108 1842 igne:

1223 1868 1658 1944 videramus
1723 1870 1959 1943 etiam
2022 1872 2103 1944 et
2148 1868 2387 1943 illum
2447 1870 2700 1945 100331
2725 1926 2744 1961 ,
2810 1869 2891 1944 13
2967 1892 3119 1967 quo
3173 1873 3498 1945 steterat
3570 1872 3756 1946 3310
3828 1872 4111 1945 rubum

1222 1997 1531 2069 sanctus
1593 1993 1915 2092 Moyses,
1973 1993 2277 2089 quando
2341 1994 2414 2069 ei
2478 1994 2674 2068 dixit
2726 1995 2966 2070 Deus:
3033 1999 3066 2032 “
3102 1994 3312 2071 solve
3378 1996 3780 2091 corrigiam
3839 1996 4108 2071 calcia·

1224 2119 1467 2193 menti
1536 2118 1679 2209 tui,
1745 2118 1956 2193 locus
2028 2118 2254 2209 enim,
2332 2118 2414 2192 in
2486 2142 2638 2215 quo
2711 2122 2892 2211 0130,
2956 2123 3168 2195 10113
3231 2125 3497 2195 033013
3554 2125 3673 2196 001
3719 2177 3785 2210 „.
3844 2121 3956 2197 Ac
4008 2122 4117 2197 sic

1228 2265 1408 2340 ergo
1465 2246 1719 2319 cetera
1769 2244 1961 2334 loca,
2019 2242 2663 2340 quemadmodum
2717 2244 3038 2339 profecti
3093 2268 3355 2319 sumus
3411 2246 3504 2320 de
3547 2246 3764 2336 rub0,
3820 2268 4115 2342 semper

1224 2367 1444 2443 30010
1481 2390 1743 2464 cepere
1798 2368 2215 2443 ostendere.
2252 2367 2454 2441 Nam
2492 2371 2573 2443 et
2600 2373 3228 2445 monstraverunt
3263 2370 3542 2461 locum,
3600 2371 3735 2444 301
3789 2370 4120 2445 fuerunt
4197 2424 4220 2445 .

1226 2496 1480 2569 castra
1531 2493 1866 2568 filiorum
1918 2493 2160 2568 Israel
2212 2493 2332 2567 his
2387 2493 2678 2584 (110030,
2718 2495 2994 2590 quibus
3048 2496 3349 2592 Moyses
3402 2495 3555 2569 fuit
3607 2495 3688 2568 in
3745 2499 4114 2571 montem.

1227 2619 1856 2695 Monstraverunt
1887 2618 2125 2693 etiam
2179 2618 2456 2710 locum,
2516 2619 2649 2692 ubi
2704 2619 2952 2694 factus
2989 2623 3107 2694 est
3141 2619 3433 2695 vitulus
3471 2619 3636 2694 ille:
3688 2642 3869 2693 nam
3909 2620 3988 2693 in
4026 2642 4116 2695 eo

1227 2744 1393 2820 1000
1431 2743 1628 2819 fixus
1664 2748 1782 2820 est
1818 2767 2060 2841 usque
2095 2745 2176 2819 in
2213 2745 2441 2820 hodie
2499 2745 2692 2840 lapis
2746 2745 3078 2842 grandis.
3126 2745 3285 2821 Nos
3320 2747 3581 2837 etiam,
3627 2746 4115 2841 quemadmo-

1227 2869 1413 2944 dum
1441 2869 1762 2960 ibamus,
1785 2869 1878 2944 de
1906 2873 2174 2944 contra
2202 2869 2652 2944 videbamus
2690 2869 3220 2944 summitatem
3248 2870 3555 2961 1303110,
3589 2891 3738 2965 que
3764 2869 4113 2964 inspicie-

1227 2995 1367 3068 bat
1402 3015 1627 3091 super
1679 2995 1845 3090 ipsa
1895 2994 2099 3070 valle
2151 2997 2364 3068 tota:
2406 2994 2499 3069 de
2554 3017 2705 3091 quo
2759 2994 2923 3069 1000
2960 2996 3267 3070 0330130
3318 2994 3618 3090 Moyses
3664 2994 3863 3069 vidit
3916 2993 4112 3068 filios

1228 3116 1466 3192 Israel
1527 3118 1894 3193 habentes
1931 3118 2199 3192 choros
2235 3118 2353 3192 his
2391 3117 2679 3208 (110030,
2720 3117 3024 3214 quando
3064 3118 3402 3193 fecerant
3442 3117 3803 3193 vitulum.
3846 3116 4113 3192 Osten-

1231 3241 1511 3316 derunt
1563 3240 1800 3314 etiam
1854 3244 2154 3338 petram
2207 3242 2599 3338 ingentem
2633 3240 2716 3314 in
2753 3241 2913 3337 ipso
2958 3242 3148 3333 1000,
3202 3242 3336 3316 301
3392 3240 3892 3317 descendebat
3946 3263 4116 3315 san·

1231 3370 1400 3443 0130
1457 3369 1753 3465 Moyses
1809 3389 1983 3443 cum
2037 3367 2089 3441 J
2091 3390 2222 3443 esu
2262 3366 2423 3441 filio
2477 3366 2720 3458 Nave,
2769 3367 2867 3441 ad
2924 3391 3156 3465 quam
3184 3358 3207 3401 ¹
3266 3370 3565 3462 petram
3604 3366 3851 3440 iratus
3890 3365 4121 3460 fregit

1231 3492 1563 3584 tabulas,
1637 3515 1828 3590 quas
1901 3491 2270 3566 afferebat
2301 3482 2355 3565 ².
2396 3490 2916 3566 Ostenderunt
2972 3492 3235 3583 etiam,
3293 3489 3929 3587 quemadmodum
3985 3511 4119 3585 per

1231 3618 1475 3714 ipsam
1510 3618 1794 3693 vallem
1831 3618 2353 3714 unusquisque
2390 3638 2657 3692 eorum
2694 3618 3157 3693 abitationes
3193 3617 3659 3707 habuerant,
3703 3615 3804 3706 ,de
3840 3616 4119 3711 quibus

1231 3743 1783 3818 abitationibus
1837 3764 2080 3839 usque
2134 3743 2215 3816 in
2268 3743 2497 3818 hodie
2544 3742 2792 3818 adhuc
2847 3743 3350 3818 fundamenta
3410 3746 3708 3839 parent,
3749 3742 4113 3838 quemad-

1232 3868 1548 3942 modum
1600 3868 1918 3943 fuerunt
1971 3867 2221 3964 lapide
2256 3868 2547 3964 girata:
2581 3869 3084 3943 ostenderunt
3120 3868 3357 3943 etiam
3393 3868 3668 3958 locum,
3728 3868 3862 3941 ubi
3917 3868 4115 3942 filios

1230 3991 1469 4068 Israel
1521 3992 1746 4067 iussit
1799 4014 2104 4068 currere
2158 3995 2468 4067 sanctus
2526 3991 2826 4088 Moyses
2866 3993 2960 4067 de
3000 3995 3223 4088 porta
3265 3991 3346 4064 in
3381 3994 3607 4087 porta
3633 3986 3684 4082 ⁸,
3722 4013 4115 4087 regressus

1232 4117 1330 4190 ad
1385 4120 1753 4192 montem.
1810 4116 2010 4192 Item
2063 4117 2567 4192 ostenderunt
2619 4117 2838 4190 nobis
2894 4116 3172 4207 locum,
3230 4115 3367 4214 ubi
3418 4116 3768 4190 incensus
3823 4119 3942 4190 est
3995 4115 4111 4191 vi·
4237 4111 4248 4124 ‘

1230 4240 1446 4314 tulus
1500 4240 1659 4337 ipse
1713 4241 2030 4317 iubente
2082 4244 2348 4315 sancto
2403 4240 2688 4338 Moyse,
2746 4262 2974 4337 quem
3022 4239 3034 4333 Ι
3082 4239 3368 4315 fecerat
3422 4239 3529 4314 eis
3568 4239 3853 4313 Aaron.
3910 4238 4111 4314 Item

1233 4364 1734 4442 ostenderunt
1799 4368 2224 4441 torrentem
2304 4364 2550 4458 illum,
2627 4365 2720 4439 de
2799 4387 2951 4462 quo
3025 4367 3330 4460 potavit
3354 4356 3383 4398 ‘¹
3448 4366 3757 4439 sanctus
3810 4363 4115 4460 Moyses

1232 4488 1429 4564 filios
1466 4490 1729 4583 Israel,
1769 4491 1966 4566 01031
2002 4491 2370 4587 scriptum
2425 4493 2542 4565 est
2598 4491 2679 4564 in
2726 4490 3011 4565 Exodo.
3056 4489 3574 4565 Ostenderunt
3621 4489 3858 4564 etiam
3892 4489 4113 4563 nobis

1233 4615 1510 4707 locum,
1589 4616 1719 4690 301
1791 4617 1885 4692 de
1957 4616 2233 4713 spiritu
2295 4615 2544 4711 Moysi
2601 4618 3062 4711 exceperunt
3087 4606 3115 4648 ⁵
3170 4613 3662 4709 septuaginta
3698 4613 3871 4687 viri.
3915 4611 4116 4685 Item

1237 4741 1738 4816 ostenderunt
1818 4740 2095 4831 locum,
2179 4740 2313 4813 ubi
2398 4739 2538 4813 filii
2619 4739 2858 4814 Israel
2929 4738 3369 4813 1130301331
3424 4736 4118 4832 concupiscentiam

1238 4886 1604 4940 escarum.
1661 4863 1863 4938 Nam
1920 4862 2420 4937 ostenderunt
2471 4862 2690 4936 nobis
2756 4861 2995 4937 etiam
3052 4864 3132 4937 et
3187 4861 3408 4934 illum
3463 4861 3740 4950 locum,
3798 4859 3930 4955 qui
3985 4881 4116 4952 ap·

1238 4987 1569 5083 pellatus
1616 4990 1736 5061 est
1789 4985 2472 5080 incendium,quia
2507 4985 2814 5060 incensa
2854 4987 2972 5059 est
3009 4984 3384 5080 quaedam
3420 5006 3597 5078 pars
3645 4984 4119 5057 castrorum:

1240 5116 1429 5189 tunc
1455 5115 1743 5208 quando
1780 5115 2050 5186 orante
2079 5114 2343 5186 sancto
2371 5110 2633 5206 Moyse
2661 5112 2988 5186 cessavit
3017 5110 3214 5205 ignis
3233 5105 3284 5183 ⁶.
3319 5108 3833 5183 Ostenderunt
3878 5106 4121 5180 etiam

1406 5391 1424 5427 ¹
1455 5390 1604 5454 Ood.
1646 5412 1844 5471 quem.
1874 5424 1950 5435 —-
1979 5389 2002 5425 ²
2031 5387 2226 5450 Exod.
2255 5408 2306 5449 c.
2336 5386 2624 5467 XXXII,
2655 5390 2765 5449 19:
2814 5410 2845 5446 ‹
2878 5385 3202 5466 Confregit
3250 5405 3357 5449 eas
3410 5386 3710 5466 (tabulas)
3755 5384 3835 5445 ad
3875 5384 4125 5446 radices

1243 5490 1472 5553 montis
1502 5513 1558 5553 ›.
1606 5527 1683 5537 -
1723 5491 1749 5527 ³
1776 5490 1971 5552 Exod.
2021 5509 2074 5552 0.
2122 5488 2413 5567 XXXII,
2460 5488 2558 5549 27.
2613 5522 2683 5534 —
2734 5489 2757 5521 ⁴
2788 5485 2937 5549 eod.
2985 5486 3277 5566 portavit.
3330 5521 3406 5531 -—-
3447 5483 3474 5521 ⁵
3498 5484 3768 5565 Supplex
3809 5484 4015 5563 legem
4045 5517 4125 5530 -—

1244 5591 1269 5628 ⁶
1296 5589 1480 5653 Num.
1521 5610 1573 5652 0.
1614 5588 1736 5667 XI,
1781 5591 1839 5651 3.
2545 5585 2559 5599 ‘
