4642 6650
1248 770 1341 839 86
2233 796 2287 839 s.
2335 795 2600 841 summ
2642 795 3137 843 mansurusve

1254 1010 1530 1107 ymnis,
1587 1009 1787 1085 sicut
1840 1031 2133 1104 semper
2171 1011 2566 1087 dominicis
2604 1012 2871 1087 diebus
2910 1012 3022 1087 fit.
3062 1013 3271 1089 Haec
3307 1037 3487 1110 ergo
3533 1013 3716 1088 dum
3753 1020 4112 1112 aguntur,

1255 1134 1438 1208 facit
1490 1155 1571 1207 se
1628 1156 1762 1208 ora
1818 1135 2126 1230 quinta:
2183 1136 2582 1212 lucornara
2617 1138 2759 1212 hoc
2795 1138 3223 1214 idem'hora
3260 1156 3400 1214 sua
3436 1141 3548 1233 fit,
3586 1141 3786 1217 sicut
3820 1164 4118 1238 semper

1259 1257 1356 1330 ad
1411 1256 1862 1333 Anastasem
1919 1262 2000 1333 et
2054 1259 2152 1333 ad
2209 1258 2548 1351 Crucem,
2606 1261 2805 1335 sicut
2860 1265 2941 1337 et
2993 1261 3312 1357 singulis
3379 1263 3564 1339 locis
3633 1267 3914 1339 sanctis
3982 1264 4113 1338 fit:

1132 1390 1202 1447 61
1258 1381 1638 1457 dominica
1691 1383 1895 1457 enim
1933 1383 2054 1457 die
2093 1407 2297 1459 nona
2334 1384 2448 1459 fit.
2497 1384 2509 1478 Ι
2558 1384 2756 1459 Item
2796 1386 3128 1462 secunda
3164 1388 3357 1461 feria
3392 1388 3747 1463 similiter
3781 1389 3874 1464 de
3909 1388 4118 1484 pullo

1257 1506 1503 1601 primo
1559 1506 1658 1580 ad
1712 1506 2167 1583 Anastasem
2219 1508 2382 1582 itur
2435 1508 2631 1584 sicut
2686 1513 2767 1585 et
2818 1513 2988 1585 toto
3045 1534 3269 1604 anne,
3339 1514 3419 1588 et
3486 1516 3823 1609 aguntur
3882 1534 4121 1609 usque

1260 1630 1360 1703 ad
1413 1652 1637 1705 mane
1692 1652 1888 1727 quae
1942 1654 2259 1729 semper.
2318 1633 2587 1707 Denuo
2642 1634 2741 1707 ad
2802 1635 3042 1709 tertia
3112 1636 3272 1710 itur
3345 1637 3442 1711 ad
3513 1636 3975 1728 Anastasim,
4042 1639 4121 1712 et

1263 1757 1604 1849 aguntur
1657 1777 1857 1851 quae
1909 1759 2079 1831 toto
2117 1778 2318 1830 anno
2357 1757 2453 1830 ad
2491 1760 2790 1832 sextam
2826 1759 3075 1834 solent
3112 1763 3279 1855 agi:
3341 1764 3701 1856 quoniam
3740 1763 3818 1836 in
3857 1762 4119 1838 diebus

1265 1879 2018 1975 quadragesimarum
2074 1884 2154 1955 et
2206 1882 2350 1957 hoc
2404 1882 2738 1974 additur,
2795 1887 2888 1990 ut
2940 1885 3037 1958 ad
3090 1887 3406 1959 tertiam
3460 1889 3721 1961 eatur:
3783 1888 3971 1961 item
4024 1885 4121 1959 ad

1269 2008 1587 2095 sextam,
1645 2007 1727 2079 et
1778 2027 2084 2096 nonam,
2142 2010 2225 2080 et
2276 2000 2672 2081 lucernare
2720 2007 2835 2081 ita
2871 2012 3232 2103 aguntur,
3271 2011 3470 2085 sicut
3506 2010 3974 2086 consuetudo
4011 2012 4129 2084 est

1267 2150 1403 2224 per
1455 2131 1712 2203 totum
1768 2152 2054 2202 annum
2109 2128 2236 2224 agi
2289 2151 2585 2225 semper
2640 2131 2719 2203 in
2775 2131 2954 2226 ipsis
3020 2132 3202 2207 locis
3265 2134 3570 2208 sanctiS.
3628 2132 3995 2208 Similiter
4048 2133 4128 2206 et

1267 2253 1507 2327 tertia
1560 2253 1775 2344 feria,
1815 2253 2168 2329 similiter
2202 2256 2462 2329 omnia
2498 2257 2837 2351 aguntur
2871 2255 3070 2330 sicut
3108 2260 3189 2331 et
3223 2258 3551 2332 secunda
3584 2258 3799 2333 feria.
3842 2259 4132 2345 Quarta

1273 2379 1465 2454 feria
1519 2382 1781 2452 autem
1838 2379 2190 2453 similiter
2244 2380 2406 2452 itur
2458 2375 2568 2454 de'
2604 2383 2839 2456 noctu
2893 2382 2989 2455 ad
3044 2380 3441 2474 Anastase,
3492 2385 3573 2458 et
3627 2386 3964 2478 aguntur
4016 2401 4131 2472 ea,

1277 2525 1473 2599 quae
1512 2525 1805 2599 semper
1840 2526 2082 2599 usque
2118 2504 2216 2577 ad
2252 2527 2500 2595 mane,
2541 2504 2891 2581 similiter
2929 2508 3009 2580 et
3045 2507 3141 2580 ad
3178 2507 3516 2597 tertiam,
3557 2509 3638 2582 et
3674 2506 3771 2580 ad
3807 2510 4135 2582 sextam:

1279 2628 1379 2704 ad
1432 2650 1714 2701 nonam
1769 2631 2054 2717 autem,
2114 2631 2294 2723 quia
2348 2628 2817 2704 consuetudo
2874 2633 2991 2704 est
3043 2652 3359 2727 semper,
3390 2630 3469 2703 id
3521 2633 3640 2706 est
3690 2633 3863 2705 toto
3909 2651 4135 2720 anno,

1282 2755 1562 2848 quarta
1613 2751 1807 2840 feria
1861 2756 1943 2828 et
1994 2755 2212 2827 sexta
2264 2752 2459 2827 feria
2512 2752 2611 2826 ad
2663 2776 2867 2828 nona
2912 2753 2992 2827 in
3031 2753 3236 2851 Syon
3272 2754 3597 2850 procedi,
3646 2755 4007 2851 quoniam
4059 2754 4140 2827 in

1281 2876 1451 2951 istis
1503 2875 1711 2967 locis,
1768 2879 2082 2970 excepto
2137 2876 2203 2980 si
2256 2877 2805 2972 martyriorum
2844 2877 3000 2952 dies
3019 2869 3043 2912 ¹
3098 2878 3465 2969 evenerit,
3515 2899 3810 2974 semper
3864 2881 4142 2974 quarta

1285 3004 1368 3076 et
1419 3002 1637 3075 sexta
1689 3000 1882 3075 feria
1936 3001 2173 3075 etiam
2228 3003 2307 3075 et
2363 3024 2410 3074 a
2464 3001 3011 3076 cathecuminis
3064 3001 3476 3092 ieiunatur,
3533 3004 3617 3077 et
3662 3002 3832 3077 ideo
3872 3001 3971 3075 ad
4005 3024 4140 3076 no·-

1286 3148 1466 3198 nam
1519 3124 1599 3197 in
1655 3123 1863 3220 Syon
1916 3111 2374 3218 proceditur.
2431 3123 2632 3200 Nam
2686 3126 2751 3198 si
2806 3125 3129 3201 fortuito
3182 3125 3265 3199 in
3312 3125 3908 3221 quadragesimis
3949 3147 4144 3199 mar·

1287 3252 1642 3348 tyrorum
1679 3249 1837 3323 dies
1874 3248 2215 3323 evenerit
2253 3251 2530 3344 quarta
2566 3249 2758 3322 feria
2795 3251 2936 3323 aut
2971 3253 3188 3324 sexta
3224 3250 3436 3340 feria,
3476 3270 3723 3345 neque
3745 3239 3776 3285 ²
3811 3248 3908 3322 ad
3944 3270 4148 3321 nona

1290 3374 1373 3448 in
1426 3372 1631 3471 Syon
1686 3371 2144 3469 proceditur.
2210 3371 2496 3446 Diebus
2562 3394 2746 3448 vero
2811 3373 3617 3469 quadragesimarum,
3651 3376 3744 3447 ut
3805 3371 4149 3469 superius

1292 3496 1474 3590 dixi,
1530 3499 1811 3592 quarta
1863 3494 2055 3570 feria
2108 3495 2207 3569 ad
2259 3518 2464 3569 nona
2518 3495 2598 3569 in
2654 3494 2861 3593 Syon
2913 3496 3347 3592 proceditur
3398 3495 3619 3570 iuxta
3668 3494 4149 3571 consuetudi·

1298 3833 1571 3890 mentum
1612 3826 1849 3889 Christi
1888 3826 2122 3889 domini
2161 3823 2631 3903 confessionem,
2659 3823 2824 3904 quod
2858 3826 3023 3889 idem
3049 3827 3295 3901 Latinis
3322 3834 3422 3890 est
3460 3847 3533 3889 ac
3571 3825 3940 3908 Martyrium
3966 3825 4158 3889 Grae·

1301 3926 1411 4005 cis,
1453 3925 1768 4005 appellare
1807 3923 2073 3988 videtur.
2096 3946 2129 3983 ›
2173 3922 2612 4000 Nihilominus,
2653 3943 2771 4002 quo
2811 3924 2992 3986 nobis
3030 3923 3399 3987 flectendum
3425 3924 3530 4002 sit,
3557 3944 3681 3986 non
3720 3923 3978 4003 ancipiti
4016 3942 4163 3984 cura

1303 4042 1651 4086 versamurz
1690 4041 1835 4083 nam
1890 4040 2089 4099 neque
2136 4021 2478 4099 Peregrina
2517 4020 2734 4100 solum,
2791 4040 2966 4099 quae,
3008 4042 3194 4099 quum
3255 4022 3460 4085 omnia
3497 4022 3851 4101 lustrasset,
3909 4019 4164 4081 dubium

1304 4118 1579 4198 expellit,
1619 4118 1828 4180 lumen
1868 4116 2182 4194 diffundit,
2224 4116 2339 4179 sed
2381 4116 2504 4178 alia
2544 4117 2733 4178 etiam
2773 4118 3132 4180 testimonia
3172 4119 3425 4197 antiqua
3460 4118 3543 4180 ad
3582 4137 3714 4180 rem
3749 4123 3987 4179 tantam
4024 4135 4163 4177 eon·

1303 4218 1665 4281 firmandam
1705 4223 2048 4298 opportuna
2088 4221 2467 4278 succurrunt.
2511 4214 2573 4277 S.
2616 4215 2959 4279 Eucherius
3001 4218 3166 4298 (ann.
3208 4217 3352 4279 circ.
3393 4218 3539 4300 440)
3582 4217 3649 4278 in
3689 4215 3954 4296 epistola
4004 4214 4168 4277 scri-

1305 4316 1436 4376 bit:
1483 4338 1515 4373 α
1536 4316 1660 4377 Pro
1703 4313 2055 4376 conditione
2094 4314 2438 4392 platearum
2476 4312 2910 4375 divertendum
2949 4322 3048 4375 est
3087 4318 3167 4375 ad
3206 4315 3546 4392 basilicam,
3600 4333 3759 4392 quae
3797 4312 4168 4391 Martyrium

1308 4414 1676 4493 appellatur,
1720 4432 1758 4474 a
1800 4410 2203 4473 Constantino
2260 4431 2483 4489 magno
2545 4410 2716 4472 cultu
2757 4416 3055 4473 extructa.
3114 4411 3358 4474 Dehinc
3418 4410 3773 4474 coherentia
3820 4412 3897 4472 ab
3952 4429 4171 4471 occasu

1308 4511 1599 4573 visuntur
1653 4509 1966 4589 Golgotha
2019 4514 2204 4586 atque
2243 4508 2608 4570 Anastasis:
2671 4507 2786 4570 sed
2843 4510 3171 4571 Anastasis
3224 4511 3293 4571 in
3345 4510 3479 4572 loco
3535 4516 3635 4571 est
3680 4506 4169 4581 resurrectionis,

1312 4608 1625 4688 Golgotha
1663 4627 1809 4671 vero
1848 4607 2090 4669 medius
2129 4606 2296 4669 inter
2334 4606 2697 4669 Anastasim
2736 4626 2809 4668 ac
2848 4607 3231 4688 Martyrium,
3271 4608 3446 4670 loeus
3487 4614 3588 4670 est
3639 4606 3979 4668 dominicae
4018 4624 4172 4684 pas-

1313 4706 1525 4768 sionis.
1544 4729 1577 4764 »
1620 4705 1698 4766 In
1736 4704 2060 4767 Breviario
2102 4703 2181 4765 de
2220 4703 2661 4784 Hierosolyma
2700 4704 2779 4786 (a.
2821 4706 2963 4768 circ.
3006 4708 3148 4787 530)
3192 4706 3448 4785 legitur:
3496 4728 3530 4765 ‹
3552 4706 3627 4767 In
3666 4704 3872 4767 medio
3898 4702 4173 4766 civitatis

1315 4810 1416 4865 est
1451 4802 1712 4865 basilica
1754 4801 2165 4864 Constantini.
2207 4801 2285 4862 In
2326 4801 2586 4863 introitu
2623 4802 2920 4864 basilicae
2961 4802 3160 4883 ipsius
3201 4802 3281 4865 ad
3321 4804 3636 4865 sinistram
3673 4807 3916 4882 partem
3957 4804 4057 4862 est
4084 4819 4180 4861 cu-

1313 4900 1604 4978 biculum,
1631 4898 1740 4960 ubi
1767 4919 1917 4960 crux
1940 4897 2193 4959 Domini
2217 4897 2427 4977 posita
2453 4905 2630 4961 est....
2660 4899 2745 4960 Et
2769 4899 2914 4961 inde
2955 4901 3152 4961 intras
3192 4900 3259 4961 in
3299 4899 3642 4978 Golgotha:
3685 4905 3784 4962 est
3822 4898 3911 4959 ibi
3951 4896 4176 4959 atrium

1315 4995 1569 5075 grande,
1608 4996 1717 5057 ubi
1757 4993 2083 5057 crucifixus
2125 5000 2223 5055 est
2261 4993 2585 5056 Dominus.
2610 5039 2646 5055 ..
2686 4995 2843 5057 Inde
2883 4995 2964 5057 ad
3005 4995 3388 5058 occidentem
3434 4997 3631 5057 intras
3672 5000 3945 5057 sanctam
3985 5013 4181 5056 resur·

1316 5095 1673 5174 rectionem,
1714 5094 1822 5156 ubi
1866 5102 1966 5156 est
2005 5091 2357 5170 sepulcrum
2394 5091 2665 5154 Domini.
2691 5116 2722 5151 »
2767 5092 3061 5155 Arculfus
3105 5095 3292 5155 etiam
3331 5093 3485 5155 haec
3523 5092 3773 5155 retulit:
3820 5114 3852 5149 α
3877 5091 4042 5151 Huic
4090 5110 4181 5152 eo·

1319 5191 1548 5254 clesiae
1587 5193 1654 5253 in
1693 5193 1828 5254 loco
1872 5190 2274 5253 Oalvariae....
2314 5190 2383 5251 in
2420 5196 2599 5269 parte
2638 5190 2929 5251 cohaeret
2964 5190 3226 5252 basilica
3263 5210 3484 5269 magno
3527 5189 3699 5251 cultu
3740 5208 3778 5248 a
3816 5206 3970 5266 rege
4010 5186 4183 5247 Gon-

1320 5290 1593 5351 stantino
1634 5295 2005 5366 constructa,
2047 5307 2204 5366 quae
2246 5294 2311 5349 et
2351 5286 2719 5367 Martyrium
2758 5287 3123 5365 appellatur,
3151 5285 3219 5347 in
3246 5306 3318 5348 eo
3345 5293 3417 5348 ut
3455 5285 3656 5348 fertur
3680 5284 3983 5347 fabricata
4020 5283 4177 5361 loco,

1321 5388 1428 5449 ubi
1468 5408 1619 5448 crux
1656 5386 1984 5448 Domini....
2025 5392 2278 5465 reperta
2319 5392 2435 5447 est.
2460 5409 2491 5444 »
2536 5384 2715 5447 Idem
2754 5383 2931 5447 Beda
2971 5385 3051 5446 de
3091 5384 3245 5446 locis
3289 5385 3521 5448 sanctis
3561 5404 3693 5463 cap.
3736 5383 3825 5445 Π.

1486 5483 1505 5519 ¹
1536 5484 1606 5544 Si
1643 5483 1872 5545 natalis
1913 5483 2169 5546 alicuius
2210 5483 2504 5563 martyris
2545 5482 2851 5560 inciderit,
2892 5481 3309 5561 colendusque
3349 5481 3453 5545 sit.

1485 5580 1511 5617 ²
1539 5580 1691 5644 God.
1733 5588 1936 5660 atque.
