4642 6650
1695 832 1786 876 ΒΕ
1835 831 2021 878 noers
2069 829 2342 877 saxone
3320 811 3451 877 123

583 1057 793 1131 tibus
849 1055 1253 1152 diligenter
1307 1075 1439 1151 per
1493 1075 1793 1150 gyrum,
1834 1054 1915 1127 et
1953 1051 2058 1126 ibi
2095 1054 2213 1127 est
2249 1052 2609 1146 spelunca
2644 1050 3110 1125 lucidissima
3163 1051 3452 1126 habens

583 1182 949 1256 altarium
986 1181 1066 1253 in
1103 1201 1192 1255 eo
1229 1180 1394 1254 loco
1427 1174 1473 1269 ¹,
1532 1179 1665 1252 ubi
1702 1178 2157 1273 pastoribus,
2199 1201 2371 1253 curn
2410 1176 2710 1272 vigilias
2767 1176 3164 1268 haberent,
3223 1197 3454 1273 appa·

585 1328 758 1382 rens
805 1306 1120 1403 angelus
1159 1304 1655 1392 annuntia-vit
1693 1304 1800 1378 eis
1839 1303 2119 1377 Christi
2156 1302 2675 1377 nativitatem.
2717 1300 2805 1374 In
2845 1301 3155 1376 Anatho
3194 1304 3453 1376 autem

588 1434 708 1506 est
759 1431 1020 1521 turriS,
1077 1430 1157 1504 in
1204 1452 1357 1525 qua
1392 1427 1852 1502 lamentavit
1889 1427 2250 1516 Ieremias
2283 1425 2705 1522 propheta:
2748 1425 2988 1500 distat
3043 1428 3299 1500 autem
3361 1425 3456 1499 ab

585 1554 999 1631 Ierusalem
1057 1552 1383 1627 miliario
1423 1554 1700 1647 quarto
1728 1542 1777 1627 ².
1829 1551 2158 1625 Miliario
2201 1572 2380 1626 vero
2420 1551 2515 1624 ab
2554 1549 2971 1624 Ierusalem
3010 1548 3456 1624 duodecimo

587 1684 706 1757 est
741 1679 1168 1777 sepulcrum
1206 1679 1449 1752 sancti
1481 1678 1714 1751 Amos
1745 1677 2183 1773 prophetae,
2217 1676 2350 1771 qui
2390 1675 2597 1750 locus
2627 1675 3059 1770 appellatur
3087 1673 3387 1749 Thecue
3403 1665 3456 1749 ³.

591 1807 683 1880 In
735 1827 886 1902 quo
948 1805 1221 1879 itinere
1276 1807 1545 1878 contra
1600 1825 1817 1876 mons
1872 1805 2011 1891 est,
2054 1823 2282 1896 quem
2321 1800 2724 1876 excavavit
2777 1799 3085 1890 ErodeS,
3145 1803 3225 1874 et
3279 1799 3461 1875 fecit

590 1932 733 2008 sibi
788 1929 1162 2028 palatium
1217 1953 1447 2025 supra
1501 1929 1897 2004 heremum
1952 1929 2218 2002 contra
2275 1949 2486 2001 mare
2539 1930 2935 2001 mortuum
2961 1917 3011 1999 ⁴.
3056 1926 3146 1999 In
3185 1926 3461 2000 Tham-

589 2058 890 2133 nalsare
946 2059 1066 2131 est
1118 2057 1546 2152 sepulcrum
1601 2057 1847 2130 sancti
1901 2054 2070 2129 Iesu
2130 2054 2265 2127 filii
2321 2053 2581 2128 Nave:
2658 2054 2765 2126 ibi
2837 2056 3020 2127 sunt
3093 2055 3175 2128 et
3227 2052 3463 2148 gladii

591 2183 897 2279 petrini,
959 2180 1158 2256 unde
1197 2180 1614 2256 circumcisi
1653 2182 1837 2253 sunt
1875 2178 2012 2251 filii
2051 2178 2286 2253 Israel
2326 2177 2654 2253 secundo
2684 2172 2752 2250 ⁵:
2797 2177 3105 2252 ecclesia
3134 2198 3314 2252 vero
3356 2176 3461 2252 ibi

593 2310 975 2384 costructa
1030 2311 1170 2397 est,
1229 2306 1468 2380 distat
1524 2309 1788 2379 autem
1826 2304 1921 2378 ab
1959 2304 2379 2379 Ierusalem
2416 2302 2764 2377 miliariis
2818 2302 3114 2396 viginti.
3160 2302 3249 2376 In
3307 2303 3462 2378 alio

595 2438 856 2510 autem
910 2435 1171 2507 monte
1210 2431 1308 2505 ad
1346 2431 1762 2504 miliarium
1801 2430 2217 2505 secundum
2254 2432 2374 2503 est
2411 2428 2746 2518 ecclesia,
2787 2428 2921 2501 ubi
2973 2428 3466 2524 requiescunt

596 2581 911 2656 corpora
966 2560 1406 2633 sanctorum
1461 2557 1806 2630 Eleazari
1861 2558 1942 2630 et
1979 2555 2243 2629 Finees
2271 2546 2323 2628 ⁶.
2365 2552 2693 2627 Miliario
2752 2575 2932 2628 vero
2970 2575 3173 2628 nono
3212 2553 3309 2627 ab
3346 2553 3463 2627 Ie·

594 2685 927 2760 rusalem
981 2682 1062 2756 in
1117 2683 1282 2757 loco
1341 2681 1473 2777 qui
1529 2681 1809 2756 dicitur
1865 2680 2370 2754 Carathiarim
2399 2670 2451 2771 ⁷,
2513 2678 2646 2753 ubi
2694 2679 2847 2754 fuit
2900 2701 3078 2755 arca
3132 2676 3464 2769 Domini,

596 2808 909 2885 ecclesia
963 2807 1145 2881 illuc
1201 2808 1639 2880 constructa
1694 2808 1834 2880 est.

757 2935 880 3025 (B.
919 2956 977 3009 c.
1019 2934 1170 3023 IX)
1210 2931 1520 3006 Hebron
1557 2932 1637 3004 in
1675 2930 1920 3027 campi
1958 2929 2372 3005 latitudine
2412 2930 2587 3021 sita,
2628 2933 2709 3005 et
2745 2930 2842 3004 ab
2881 2930 3294 3005 Ierusalem
3352 2928 3463 3004 vi·

598 3059 792 3157 ginti
848 3058 1143 3133 duobus
1199 3057 1507 3131 milibus
1542 3059 1920 3153 separata,
1961 3079 2113 3130 uno
2153 3056 2250 3130 ad
2288 3056 2664 3132 orientem
2720 3056 2969 3130 stadio
3025 3056 3460 3151 speluncam

599 3186 974 3283 duplicem
1028 3183 1284 3274 habet,
1343 3182 1476 3256 ubi
1529 3182 1875 3278 sepulcra
1949 3181 2559 3276 patriarcharum
2611 3182 2988 3278 quadrato
3046 3203 3264 3255 muro
3321 3179 3464 3255 cir·

763 3408 780 3444 ¹
823 3408 924 3470 Ibi
965 3428 1156 3487 prope
1198 3413 1332 3469 erat
1371 3405 1561 3468 turris
1603 3405 1777 3467 Ader
1819 3405 2099 3487 (Peregr.
2145 3405 2206 3465 S.
2250 3405 2484 3467 Paulae
2525 3406 2565 3485 ξ
2605 3408 2704 3484 9):
2748 3412 2813 3467 et
2852 3405 3176 3468 ecclesiam
3224 3410 3310 3468 ad
3355 3410 3471 3468 Pa·

600 3516 793 3570 stores
815 3508 1060 3568 Helena
1082 3504 1429 3568 Costantini
1450 3514 1648 3566 mater
1675 3503 2034 3566 aedificasse
2057 3504 2328 3565 traditur
2351 3504 2622 3584 (Calmet
2640 3504 2806 3566 Dict.
2834 3505 3000 3565 Bibl.
3044 3505 3109 3566 in
3150 3526 3208 3567 v.
3252 3505 3469 3586 Ader.)

758 3606 783 3641 ²
823 3605 1144 3668 Anathoth
1181 3606 1331 3666 urbs
1372 3602 1598 3681 refugii
1623 3603 1803 3682 juxta
1830 3602 2165 3663 Eusebium
2195 3602 2274 3663 ad
2301 3603 2581 3680 quintum
2610 3602 2885 3665 distabat
2912 3604 2990 3664 ab
3016 3604 3472 3684 Hierosolymis

597 3705 796 3766 tribus
836 3703 1132 3764 millibus.
1173 3703 1352 3764 Idem
1391 3702 1623 3780 legitur
1659 3702 1727 3762 in
1766 3702 2148 3780 Hieronymo
2192 3700 2298 3781 (ad
2338 3701 2719 3764 Hieremiam
2759 3722 2888 3781 cap.
2932 3703 3076 3782 31):
3140 3724 3173 3762 ‹
3202 3703 3261 3765 A
3302 3711 3472 3765 turre

601 3803 939 3879 Anathoth,
961 3822 1120 3882 quae
1134 3801 1319 3863 hodie
1341 3801 1690 3881 appellatur
1710 3800 2085 3879 Hieremiae,
2102 3800 2305 3862 tribus
2327 3802 2403 3862 ab
2425 3801 2822 3863 Hierusalem
2836 3801 3111 3863 millibus
3126 3809 3471 3882 separata».

601 3902 988 3964 Theodosius
1032 3901 1114 3982 (ξ’.
1160 3902 1260 3981 15)
1305 3900 1521 3962 scribit
1562 3899 1757 3960 millia
1799 3918 1926 3960 sex.

760 3999 785 4035 ³
822 4000 1003 4060 Idem
1040 3996 1435 4059 intervallum
1463 3995 1717 4058 adnotat
1744 3997 2050 4060 Eusebius
2082 3997 2149 4059 in
2177 3998 2310 4060 loco
2354 3999 2634 4079 Elthece,
2675 3998 2780 4060 ubi
2824 3997 2961 4061 eius
3003 4006 3210 4062 aetate
3251 3999 3472 4080 sepul-

601 4118 768 4160 crum
807 4097 1003 4159 Amos
1043 4096 1501 4159 ostendebatur.

756 4196 784 4231 ⁴
823 4195 964 4256 Non
1001 4194 1187 4273 longe
1229 4215 1266 4255 a
1306 4194 1551 4255 Thecue
1612 4194 1899 4257 Herodes
1939 4217 2050 4258 rex
2111 4197 2232 4258 sibi
2271 4196 2881 4276 magnificentissime
2958 4198 3230 4260 extruxit
3269 4217 3472 4260 arcem

604 4303 668 4357 et
706 4294 1005 4375 palatium
1048 4302 1114 4355 et
1155 4293 1502 4373 sepulcrum
1545 4295 1816 4374 (Ioseph.
1857 4296 2018 4356 Bell.
2061 4296 2102 4357 l.
2147 4316 2205 4357 v.
2250 4317 2300 4357 c.
2347 4299 2429 4378 7),
2495 4317 2653 4375 quae
2695 4296 2897 4358 omnia
2936 4297 3000 4358 in
3060 4297 3220 4359 colle
3268 4318 3476 4358 manu·

603 4394 766 4455 facto
809 4399 1022 4454 contra
1062 4398 1332 4454 montem
1372 4392 1600 4453 arabici
1662 4392 1880 4455 limitis
1935 4395 2226 4456 excitavit
2282 4395 2740 4474 appellavitque
2799 4393 3147 4456 Heredium
3198 4393 3471 4476 (Ioseph.

604 4493 762 4556 Bell.
805 4492 859 4571 1,
893 4493 1013 4571 16).
1057 4491 1124 4552 Si
1166 4511 1313 4569 ergo
1355 4492 1455 4567 iis,
1497 4512 1654 4570 quae
1715 4491 2020 4572 Iosephus
2062 4493 2327 4572 rettulit,
2372 4492 2566 4555 addas
2627 4514 2783 4572 quae
2822 4492 2924 4555 hic
2965 4493 3273 4573 leguntur,
3316 4495 3477 4574 posi·

605 4592 835 4652 tionem
873 4588 1136 4651 Herodii
1174 4588 1399 4651 melius
1440 4609 1622 4667 quam
1664 4596 1846 4650 antea
1885 4591 2121 4669 poteris
2163 4598 2460 4652 statuere.

764 4688 790 4724 ⁸
830 4689 1229 4767 Peregrinae,
1271 4708 1457 4767 quum
1499 4688 1636 4750 loca
1674 4678 1836 4749 circa
1877 4694 1941 4750 et
1967 4696 2138 4751 trans
2160 4689 2580 4751 Ierichuntem
2609 4690 2961 4767 lustrasset,
3012 4697 3326 4753 ostensum
3376 4696 3476 4751 est

604 4787 670 4849 in
711 4787 1116 4849 Thamatsare
1159 4788 1504 4869 sepulcrum
1525 4789 1732 4865 Iosue,
1763 4788 1885 4868 ubi,
1915 4788 1969 4850 si
1999 4808 2285 4868 graecam
2312 4789 2758 4865 traslationem,
2786 4797 2857 4849 ut
2885 4788 3038 4851 fecit
3076 4790 3230 4869 ipsa,
3261 4809 3475 4867 sequa·

606 4908 761 4966 mur,
801 4887 987 4948 cultri
1024 4887 1254 4966 petrini
1293 4888 1553 4966 repositi
1594 4895 1735 4949 sunt
1778 4887 2105 4967 (Septuag.
2145 4888 2351 4965 Iosue,
2393 4908 2523 4967 cap.
2554 4887 2801 4966 XXIV,
2839 4908 2897 4949 v.
2941 4889 3028 4970 3).
3070 4888 3473 4950 Thamatsare

606 4994 811 5048 autem
851 4995 986 5047 erat
1032 5008 1063 5043 ‹
1106 4986 1230 5049 sita
1266 4984 1332 5046 in
1372 4993 1599 5063 monte,
1641 4985 1745 5064 qui
1786 4986 2081 5065 Ephraim
2124 5008 2161 5046 a
2201 4986 2675 5066 septentrionali
2715 4994 2894 5066 parte
2935 4987 3163 5048 montis
3205 4987 3387 5048 Graue.
3437 5010 3469 5045 ι

610 5086 917 5147 Eusebius
963 5085 1053 5165 (in
1091 5105 1151 5147 v.
1196 5085 1387 5167 Gaas)
1431 5086 1783 5166 sepulcrum
1843 5086 1992 5147 Iesu
2031 5082 2244 5165 Nave,
2271 5086 2437 5164 quod
2479 5106 2589 5147 suo
2655 5093 2930 5166 tempore
2993 5085 3331 5164 visebatur,
3375 5107 3478 5167 ap·

608 5184 803 5264 pellat
842 5182 1106 5262 insigne.

770 5281 795 5317 ⁶
833 5279 975 5342 Non
1013 5281 1081 5340 in
1120 5287 1325 5341 monte
1368 5281 1653 5360 superius
1714 5288 2048 5343 memorato
2092 5281 2204 5343 sed
2244 5283 2310 5342 in
2371 5280 2492 5343 alio
2534 5281 2809 5362 proximo
2865 5279 3106 5343 duobus
3169 5280 3478 5342 milliariis

610 5399 649 5440 a
688 5377 1183 5441 Thamnasarach
1223 5386 1357 5440 erat
1398 5379 1678 5456 ecclesia,
1720 5381 1785 5442 in
1825 5400 1947 5458 qua
1988 5402 2243 5461 corpora
2283 5381 2686 5458 quiescebant
2726 5381 3007 5442 Eleazari
3034 5380 3147 5440 filii
3178 5382 3384 5442 Aaron
3413 5387 3480 5441 et

610 5475 725 5536 filii
764 5476 862 5538 sui
901 5477 1194 5555 PhineeS,
1236 5477 1344 5555 qui
1384 5477 1619 5556 sepulti
1658 5477 1912 5540 fuerunt
1959 5479 2025 5540 in
2064 5487 2272 5540 monte
2313 5479 2610 5558 Ephraim
2652 5479 2860 5561 (Iosue
2901 5499 2953 5540 c.
2996 5477 3206 5556 XXV,
3248 5498 3308 5541 v.
3354 5476 3477 5558 15).

609 5574 1040 5654 Peregrinatio
1084 5575 1146 5636 S.
1188 5576 1423 5637 Paulae
1463 5577 1503 5656 ξ
1546 5576 1661 5654 15;
1709 5600 1740 5635 ι
1766 5577 1926 5639 alter
1967 5578 2226 5639 Eleazar
2266 5576 2330 5639 in
2372 5577 2586 5638 Gabaa
2610 5600 2662 5638 ›.

769 5672 792 5708 ⁷
835 5674 1062 5735 Euseb.
1106 5673 1170 5733 in
1211 5693 1268 5736 v.
1302 5672 1737 5735 cariatharim:
1773 5697 1804 5732 ‹
1830 5675 2121 5737 euntibus
2150 5676 2226 5736 ab
2254 5673 2440 5735 Aelia
2464 5673 2812 5756 Diospolim
2837 5674 2905 5737 in
2930 5674 3218 5737 milliario
3244 5694 3406 5737 nono
3423 5697 3477 5734 ›-
