4642 6650
1713 787 1804 834 ns
1849 786 2038 835 coms
2084 786 2359 837 suo-1¹18
3343 773 3468 841 129

599 1007 1038 1100 Ierusalem,
1095 1030 1329 1105 quam
1384 1009 1855 1104 expugnavit
1906 1008 2142 1084 Iesus.
2185 1010 2546 1084 Emmaus
2585 1013 2870 1102 autem,
2909 1011 3045 1086 ubi
3099 1012 3471 1087 Dominus

598 1157 773 1210 cum
826 1134 1210 1231 discipulis
1264 1133 1421 1208 suis
1473 1136 1649 1229 post
1684 1136 2319 1210 resurrectionem
2368 1135 2724 1227 comedit,
2765 1137 3170 1233 sexaginta
3204 1133 3471 1214 stadiis

598 1258 695 1334 ab
725 1258 1191 1334 Ierusolimis
1220 1258 1482 1333 distat.
1513 1257 1607 1331 In
1641 1261 1859 1338 turre
1896 1262 2160 1335 autem
2196 1259 2435 1335 Gades
2475 1260 2742 1335 domus
2779 1260 2934 1336 fuit
2973 1261 3223 1354 Iacob,
3256 1265 3471 1339 cuius

597 1383 1104 1458 fundamenta
1137 1405 1379 1479 usque
1416 1383 1588 1458 odie
1625 1387 1902 1480 parent
1918 1375 1967 1458 ¹.
2017 1385 2108 1459 ln
2147 1383 2442 1464 Galilea
2480 1389 2746 1462 autem
2792 1390 2913 1461 est
2948 1387 3136 1463 villa
3175 1387 3399 1464 Some
3416 1381 3468 1481 ²,

600 1511 693 1589 de
727 1535 882 1608 qua
915 1510 1068 1585 fuit
1103 1509 1380 1585 Abisac
1417 1509 1860 1601 SunamitiS,
1893 1514 1976 1587 et
2011 1512 2310 1602 mulier,
2341 1514 2422 1586 in
2459 1513 2675 1588 cuius
2713 1513 2937 1588 domo
2979 1515 3263 1590 mansit
3291 1516 3470 1613 Ely-

597 1658 792 1729 seuS,
849 1658 1048 1733 quae
1104 1636 1373 1712 domus
1424 1658 1667 1734 usque
1711 1636 1938 1713 hodie
1978 1641 2401 1734 permanet.
2441 1639 2510 1712 A
2548 1642 2812 1714 monte
2864 1661 3047 1715 vero
3102 1641 3467 1734 Hermon,
3520 1629 3531 1636 ’

596 1764 729 1861 qui
773 1764 1113 1839 excelsus
1147 1762 1373 1839 valde
1409 1765 1551 1854 est,
1590 1764 1838 1838 omnis
1876 1761 2170 1839 Galilea
2205 1764 2536 1856 videtur,
2577 1766 2659 1839 in
2696 1765 2972 1861 quibus
3009 1768 3242 1843 nichil
3299 1770 3475 1865 pul-

596 1887 849 1964 chrius
902 1890 1045 1979 est,
1100 1909 1282 1961 nam
1337 1909 1512 1963 cum
1573 1887 1677 1961 sit
1747 1888 2108 1984 planities
2179 1888 2513 1985 grandiS,
2570 1890 2783 1964 aliud
2854 1890 3091 1965 nichil
3145 1895 3264 1968 est
3318 1893 3469 1968 nisi

594 2014 863 2092 vineae
916 2016 1000 2090 et
1050 2013 1340 2089 oliveta
1364 2004 1416 2087 ³.
1474 2012 1593 2088 Ibi
1645 2016 1909 2088 autem
1962 2036 2148 2110 ager
2183 2018 2325 2104 est,
2366 2015 2446 2087 in
2468 2029 2637 2111 'quo
2693 2015 3066 2091 Dominus
3121 2039 3295 2092 cum
3350 2018 3467 2091 di-

595 2141 901 2238 scipulis
955 2141 1112 2215 suis
1166 2139 1535 2215 comedit:
1576 2139 1684 2214 ibi
1719 2140 1914 2237 lapis
1952 2143 2092 2232 est,
2133 2140 2214 2213 in
2253 2162 2405 2235 quo
2444 2140 2791 2215 cubitum
2827 2141 3014 2216 fecit
3069 2142 3465 2236 Dominus,
3524 2229 3537 2244 ⁸

596 2267 728 2365 qui
778 2288 1021 2363 usque
1073 2265 1299 2341 hodie
1352 2266 1680 2342 videtur.
1739 2265 1915 2341 Non
1968 2267 2197 2361 longe
2253 2287 2436 2340 vero
2494 2265 2590 2339 ab
2647 2265 2913 2341 eodem
2976 2271 3241 2343 monte
3296 2268 3468 2343 fons

595 2396 738 2486 est,
777 2413 1006 2490 quem
1043 2390 1400 2469 Salvator
1434 2391 1845 2483 benedixit,
1883 2391 2017 2488 qui
2053 2391 2223 2466 fons
2259 2391 2360 2464 ad
2399 2412 2658 2466 omnes
2696 2389 3187 2468 infirmitates
3224 2394 3464 2469 valet.

491 2515 500 2523 ’
594 2520 688 2595 In
737 2519 926 2596 villa
977 2540 1164 2595 vero
1202 2518 1457 2616 Naym
1480 2510 1510 2553 ⁴
1555 2518 1640 2593 in
1677 2517 1900 2592 domo
1939 2517 2241 2609 viduae,
2281 2517 2498 2593 cuius
2533 2517 2736 2592 filius
2772 2518 3275 2594 resuscitatus
3315 2503 3499 2613 ests

592 2666 797 2721 nunc
847 2644 1161 2721 ecclesia
1215 2647 1372 2720 est:
1429 2644 1830 2741 sepultura
1867 2646 2156 2735 autem,
2196 2642 2279 2716 in
2315 2666 2471 2740 qua
2506 2664 2790 2740 ponere
2844 2665 3018 2719 eam
3070 2645 3461 2738 volebant,

596 2791 837 2868 usque
895 2769 1125 2846 hodie
1186 2773 1327 2847 est.

751 2893 846 2970 In
904 2895 1210 2971 Nazara
1269 2917 1452 2972 vero
1509 2899 1631 2971 est
1691 2898 1930 2987 ortm,
1999 2895 2136 2969 ubi
2197 2893 2571 2999 Dominus
2626 2894 2801 2988 fuit,
2873 2899 3278 2994 postquam
3341 2918 3460 2972 re-

591 3042 858 3097 versus
911 3024 1031 3098 est
1083 3021 1178 3097 de
1233 3022 1538 3119 Egypto
1564 3016 1614 3097 ⁶.

751 3147 876 3240 (Β.
902 3170 963 3224 c.
993 3149 1075 3223 X
1083 3143 1176 3240 V)
1219 3147 1468 3243 Prope
1500 3146 1921 3239 civitatem,
1961 3168 2157 3244 quae
2183 3170 2388 3222 nunc
2412 3147 2774 3244 Neapolis
2800 3148 3103 3241 dicitur,
3142 3149 3464 3225 ecclesia

593 3273 1020 3373 quadrifida
1071 3276 1213 3368 est,
1267 3275 1413 3351 hoc
1459 3276 1579 3351 est
1612 3274 1695 3349 in
1731 3275 1972 3352 crucis
2009 3274 2323 3389 modum
2357 3274 2589 3367 facta,
2626 3275 2709 3349 in
2763 3275 2980 3351 cuius
3032 3277 3283 3353 medio
3340 3280 3464 3353 est

686 3638 693 3645 ,
756 3570 776 3607 ¹
814 3571 1114 3635 fortasse
1149 3572 1217 3634 in
1263 3572 1475 3637 codice
1513 3573 1849 3653 archetypo
1888 3572 2190 3654 scriptum
2246 3578 2421 3635 erat:
2489 3593 2522 3631 ‹
2544 3579 2718 3634 turre
2766 3572 2940 3634 Ader
2992 3572 3095 3635 vel
3148 3572 3360 3634 Gader
3387 3593 3460 3634 ›:

591 3688 733 3731 nam
770 3668 838 3732 in
875 3671 1130 3751 Peregr.
1174 3691 1227 3735 s.
1267 3671 1502 3735 Paulae
1540 3672 1815 3751 legitur:
1860 3693 1894 3731 ‹
1923 3671 2003 3733 ad
2043 3671 2266 3733 turrim
2305 3670 2498 3750 Ader,
2538 3669 2607 3732 id
2650 3677 2749 3733 est
2789 3669 3035 3750 Gregis,
3075 3671 3252 3733 iuxta
3276 3691 3460 3750 quam

590 3766 778 3830 Iacob
803 3768 981 3849 pavit
1009 3789 1238 3849 greges
1264 3789 1412 3833 suos
1433 3794 1466 3830 ›
1500 3770 1752 3854 (Genes.
1781 3792 1833 3833 c.
1863 3773 1961 3850 26,
1990 3790 2051 3834 v.
2079 3772 2204 3852 21).
2233 3769 2589 3851 Arculphus
2613 3789 2763 3832 vero
2790 3767 3031 3849 profert
3059 3769 3127 3851 (l.
3155 3769 3244 3832 H.
3273 3790 3325 3833 c.
3355 3771 3419 3852 6)
3442 3792 3457 3832 :

598 3887 631 3925 ‹
652 3866 825 3953 iuxta
861 3869 1083 3931 turrim
1121 3868 1335 3932 Gader
1361 3894 1394 3930 ›
1407 3916 1424 3932 .

752 3964 778 4002 ²
818 3965 1018 4029 Some.
1065 3989 1099 4027 ‹
1121 3968 1366 4031 Sumam
1405 3969 1583 4032 vicus
1623 3970 1691 4032 in
1729 3969 1955 4032 finibus
1992 3970 2295 4032 Sebastae
2332 3969 2400 4030 in
2437 3968 2692 4055 regione
2709 3968 3132 4044 Acrabittena,
3161 3968 3459 4031 vocabulo

592 4062 801 4125 Sanim
821 4087 878 4126 ›.
918 4066 1096 4129 Haec
1153 4067 1571 4148 Hieronymus
1609 4069 1675 4130 in
1716 4068 1988 4131 Eusebio
2042 4068 2122 4130 ad
2181 4088 2241 4132 v.
2304 4069 2414 4147 qui
2462 4066 2744 4129 addidit:
2797 4067 2937 4134 ὅθεν
2997 4068 3285 4160 λέγουσιν
3332 4067 3452 4142 τὴν

589 4165 961 4254 Σωμανιτῖν.
992 4164 1072 4225 In
1111 4164 1344 4227 Suidae
1381 4165 1580 4227 lexico
1620 4186 1861 4245 quoque
1903 4165 2231 4228 scribitur:
2276 4174 2645 4258 Σωμανῖτις.

750 4258 777 4296 ⁸
814 4261 1016 4340 Mons,
1056 4262 1162 4340 qui
1201 4262 1591 4342 describitur,
1633 4263 1794 4326 alter
1832 4270 1970 4326 erat
2008 4284 2081 4326 ac
2117 4264 2415 4342 Hermon,
2443 4265 2548 4343 qui
2575 4265 3034 4328 excelsissimus
3061 4273 3236 4328 trans
3261 4264 3460 4328 iorda-

587 4358 790 4420 nicam
826 4360 1145 4439 regionem
1183 4361 1251 4424 in
1289 4362 1468 4424 libris
1508 4363 1702 4425 sacris
1740 4370 2154 4426 memoratur:
2196 4385 2387 4444 quum
2412 4364 2522 4427 ille
2550 4364 2630 4426 ad
2658 4365 2922 4427 Taboris
2941 4364 3266 4428 meridiem
3293 4366 3458 4427 situs

587 4456 830 4521 modica
856 4466 1029 4522 esset
1055 4460 1407 4523 altitudine.
1432 4460 1734 4523 Nonnulli
1760 4461 1840 4523 ad
1869 4482 2010 4525 eum
2033 4462 2192 4524 illud
2219 4470 2504 4544 spectare
2532 4470 2829 4543 putarunt
2857 4463 3113 4543 (Psalm.
3144 4463 3320 4542 XLI,
3353 4464 3415 4544 7)
3440 4483 3459 4524 z

594 4578 628 4616 ‹
653 4557 893 4622 Memor
930 4580 1036 4622 ero
1074 4561 1172 4622 tui
1211 4561 1293 4623 de
1330 4568 1501 4624 terra
1545 4561 1853 4641 Iordanis,
1883 4569 1948 4625 et
1973 4562 2363 4625 Hermoniim
2389 4584 2428 4624 a
2456 4568 2665 4624 monte
2693 4563 2949 4624 modico,
2981 4585 3014 4621 ›
3047 4562 3136 4624 At
3162 4563 3460 4624 minorem

589 4657 787 4722 fuisse
827 4680 1009 4739 quam
1062 4660 1404 4742 proximum
1444 4660 1693 4723 Thabor
1731 4663 1913 4742 paulo
1966 4668 2112 4742 post
2150 4662 2332 4725 nobis
2387 4661 2582 4723 tradit
2621 4661 2980 4740 Peregrina.
3034 4661 3459 4742 Opportunum

529 4756 540 4767 ⁰
592 4758 780 4821 etiam
815 4758 919 4821 hic
956 4778 1248 4823 revocare
1286 4758 1555 4839 videtur,
1597 4760 1764 4839 quod
1792 4760 1854 4822 S.
1882 4761 2083 4822 Paula
2108 4781 2145 4822 a
2172 4759 2476 4822 'I'haboris
2517 4758 2873 4822 summitate
2915 4760 3222 4841 aspiceret
3264 4783 3297 4818 ι
3324 4779 3459 4840 pro-

590 4855 692 4916 cul
728 4862 971 4919 montes
1009 4856 1289 4919 Hermon
1332 4863 1399 4918 et
1434 4857 1820 4919 Hermoniim
1862 4864 1927 4919 et
1950 4876 2199 4937 campos
2225 4856 2568 4919 latissimos
2598 4855 2937 4919 Galileae...
2980 4863 3320 4919 torrentem
3360 4856 3458 4919 ci-

589 4974 722 5033 son,
748 4953 855 5033 qui
891 4955 1158 5017 mediam
1195 4955 1518 5036 planitiem
1558 4954 1908 5034 dividebat3
1950 4962 2015 5017 et
2055 4954 2349 5036 oppidum
2387 4955 2564 5017 iuxta
2600 4954 2805 5033 Naim‚
2832 4954 2901 5016 in
2939 4974 3062 5033 quo
3094 4955 3322 5018 viduae
3361 4975 3456 5017 su-

590 5052 851 5115 scitatus
891 5059 1028 5115 erat
1063 5052 1251 5128 filius,
1295 5055 1769 5116 monstrabatur.
1797 5077 1830 5113 ›

751 5154 779 5189 ⁴
816 5154 1070 5216 Hieron.
1111 5153 1178 5214 in
1217 5153 1528 5216 Eusebio:
1576 5174 1609 5212 ‹
1635 5152 1820 5216 Naim
1860 5153 2276 5235 oppidulum...
2306 5173 2503 5232 usque
2543 5151 2727 5215 hodie
2755 5152 2821 5214 in
2860 5152 3127 5215 secundo
3168 5153 3458 5215 milliario

589 5251 839 5315 'I'habor
873 5253 1102 5316 montis
1142 5251 1509 5315 ostenditur.
1540 5276 1572 5311 ι

748 5351 774 5388 ⁸
811 5351 1014 5413 Valde
1059 5351 1295 5430 dubito,
1349 5358 1555 5413 utrum
1607 5351 1952 5431 Peregrina
2001 5351 2068 5413 id
2125 5351 2465 5432 scripserit.
2521 5352 2700 5428 Nam,
2763 5372 2951 5431 quum
3004 5351 3457 5431 Hierosolymis

589 5450 904 5513 Nazareth
940 5469 1161 5514 versus
1201 5450 1325 5512 iter
1361 5457 1666 5530 pergeret,
1708 5449 1974 5530 primum
2013 5470 2128 5531 per
2165 5450 2513 5530 Neapolim,
2557 5449 2637 5512 de
2676 5471 2799 5530 qua
2836 5471 2995 5528 mox,
3037 5450 3160 5512 sibi
3186 5450 3458 5512 transire

592 5555 726 5611 erat
763 5566 1040 5625 necesse,
1065 5553 1136 5608 ut
1161 5546 1243 5609 ad
1270 5546 1586 5610 civitatem
1610 5546 1925 5609 Nazareth
1951 5546 2288 5609 accederet.
2320 5546 2527 5620 Quare
2557 5546 2857 5609 eiusmodi
2894 5546 2977 5609 de
3004 5546 3183 5609 horto
3203 5546 3456 5610 Domini

591 5646 817 5712 notitia
853 5666 894 5708 a
930 5644 1121 5710 Petro
1161 5645 1436 5709 Diacono
1477 5646 1702 5710 saltem
1740 5644 2180 5728 intempestive
2223 5645 2490 5708 adducta
2539 5651 2654 5707 est.

3246 5780 3315 5838 17
