4642 6650
1075 3386 1144 3441 33

1219 752 1305 817 38
2116 777 2170 820 s.
2218 777 2483 825 sinvmn
2531 777 3023 825 PEREGRINA'HO

1217 993 1297 1065 in
1354 1015 1444 1068 ea
1502 997 1749 1086 nocte,
1800 998 1890 1070 et
1945 995 2120 1070 inde
2174 998 2557 1071 maturius
2612 998 2733 1072 die
2791 998 3171 1074 dominica
3219 1010 3399 1074 ‘cum
3454 1000 3617 1097 ipso
3672 1002 4096 1096 presbitero

1215 1120 1296 1190 et
1358 1119 1771 1210 1666661116,
1814 1120 1948 1214 qui
2014 1120 2124 1193 ibi
2198 1123 2891 1214 commorabantur,
2950 1125 3287 1219 cepimus
3343 1124 3743 1200 ascendere
3797 1130 4097 1201 montes

1214 1243 1576 1349 singuIOS,
1643 1244 1774 1339 qui
1829 1247 2127 1319 montes
2182 1267 2357 1321 cum
2423 1269 2720 1321 summo
2784 1248 3045 1324 labore
3113 1249 3658 1324 ascenduntur:
3733 1241 4096 1347 quoniam

1214 1390 1368 1441 666
1435 1391 1562 1443 666
1617 1370 1825 1444 subis
1889 1370 2096 1445 lente
2159 1374 2241 1446 et
2304 1371 2513 1447 lente
2586 1395 2720 1468 per
2775 1374 3050 1469 girum,
3108 1379 3200 1448 ut
3273 1351 3591 1449 dicimus
3645 1376 3727 1449 in
3779 1377 4094 1468 6661666,

1214 1494 1343 1568 6611
1384 1496 1645 1569 totum
1700 1496 1798 1568 ad
1855 1495 2229 1571 directum
2284 1497 2493 1571 subis
2549 1521 2637 1572 ac
2690 1499 2752 1571 si
2791 1522 2925 1594 per
2979 1500 3387 1595 parietem3
3428 1503 3509 1575 et
3563 1501 3661 1574 ad
3699 1501 4095 1576 ‘directum

1212 1617 1563 1693 descendi
1617 1641 1919 1695 necesse
1975 1623 2093 1695 est
2148 1622 2487 1717 singulos
2541 1622 2742 1718 ipsos
2801 1626 3099 1698 montes
3140 1616 3186 1715 ¹,
3248 1624 3484 1700 donec
3536 1627 3938 1721 pervenias
3993 1628 4094 1700 ad

1210 1744 1546 1819 radicem
1610 1748 1996 1842 propriam
2060 1748 2265 1821 illius
2330 1748 2686 1840 mediani,
2763 1772 2961 1845 quae
3025 1754 3143 1825 est
3214 1750 3560 1847 specialis
3638 1750 3867 1848 Syna.
3929 1752 4093 1828 Hac

1210 1869 1316 1944 sic
1352 1893 1557 1967 ergo,
1588 1872 1902 1946 iubente
1943 1872 2244 1948 Christo
2284 1874 2447 1949 Deo
2487 1878 2774 1967 nostro,
2806 1875 3076 1950 adiuta
3105 1876 3583 1951 orationibus
3622 1880 4087 1971 sanctorum,

1211 1994 1343 2089 qui
1408 1998 2000 2088 comitabantur,
2068 2000 2148 2072 et
2220 1998 2327 2073 sic
2398 2021 2571 2074 cum
2645 2001 2915 2095 grandi
2987 2000 3271 2093 labore,
3340 2001 3521 2097 quia
3593 2002 3911 2096 pedibus
3965 2025 4087 2077 me

1209 2122 1610 2198 ascendere
1664 2145 1966 2199 necesse
2019 2128 2187 2198 erat
2244 2124 2457 2219 (quia
2513 2147 2818 2220 prorsus
2872 2126 3118 2200 necin
3153 2127 3343 2201 sella
3379 2125 3678 2201 ascendi
3716 2129 4082 2222 poterat),

1205 2248 1468 2321 tamen
1523 2247 1682 2344 ipse
1736 2249 1955 2323 labor
2008 2271 2164 2322 non
2217 2249 2717 2324 sentiebatur.
2776 2251 2889 2323 Ex
2944 2273 3035 2326 ea
3088 2255 3309 2347 parte
3364 2254 3627 2326 autem
3698 2273 3854 2324 non
3910 2274 4081 2327 666-

1203 2371 1549 2445 tiebatur
1602 2374 1843 2464 labor,
1901 2374 2083 2471 quia
2138 2374 2620 2465 desiderium,
2678 2376 2881 2471 quod
2935 2376 3335 2468 habebam,
3393 2376 3706 2452 iubente
3747 2379 3932 2468 Deo,
3971 2378 4086 2452 vi·-

1206 2496 1480 2572 debam
1535 2500 1917 2595 compleri.
1974 2499 2187 2574 Hora
2240 2521 2421 2594 ergo
2480 2504 2758 2596 quarta
2783 2491 2813 2535 ²
2869 2502 3350 2595 pervenimus
3405 2502 3487 2575 in
3552 2505 4083 2578 summitatem

1204 2621 1421 2695 illam
1475 2625 1758 2699 montis
1812 2625 1955 2699 Dei
2011 2625 2254 2700 sancti
2314 2614 2543 2721 Syn'a,
2579 2626 2714 2699 ubi
2751 2625 2935 2699 data
2973 2629 3092 2701 est
3128 2627 3275 2716 lex,
3314 2627 3396 2699 in
3435 2649 3524 2702 eo
3577 2628 3658 2701 id
3712 2632 3831 2702 est
3888 2629 4080 2733 loco,

1203 2748 1337 2821 ubi
1401 2749 1792 2824 descendit
1852 2750 2213 2825 maiestas
2275 2751 2585 2825 Domini
2642 2752 2721 2824 in
2777 2773 2867 2826 ea
2905 2751 3048 2845 die,
3118 2775 3271 2848 qua
3335 2775 3552 2827 mons
3620 2753 4074 2849 fumigabat.

1203 2873 1293 2945 In
1349 2895 1438 2947 eo
1496 2896 1677 2970 ergo
1731 2875 1895 2949 1666
1952 2879 2070 2949 est
2121 2898 2328 2949 nunc
2383 2876 2698 2950 ecclesia
2752 2898 2905 2949 non
2962 2875 3269 2971 grandis
3295 2867 3344 2967 ⁸,
3385 2877 3748 2971 quoniam
3787 2880 3868 2953 et
3917 2879 4078 2973 ipse

1200 2997 1433 3090 166116,
1490 3000 1570 3073 111
1624 3002 1743 3074 661,
1797 3003 2197 3074 summitas
2251 3001 2558 3091 montis,
2597 3023 2752 3075 non
2788 3001 2975 3074 satis
3011 3001 3320 3097 grandis
3357 3004 3516 3090 est;
3565 3024 3763 3097 quae
3816 3006 4077 3077 tamen

1199 3123 1512 3198 ecclesia
1564 3123 1804 3198 habet
1859 3123 1950 3197 de
2008 3146 2088 3199 se
2142 3124 2476 3220 gratiam
2531 3124 2923 3219 grandem.
2985 3124 3173 3197 Cum
3253 3145 3458 3221 ergo,
3516 3125 3830 3200 iubente
3885 3126 4069 3217 Dec,

1198 3249 1795 3346 persubissemus
1849 3249 1930 3322 in
1985 3250 2149 3346 ipsa
2202 3250 2676 3342 summitate,
2754 3254 2835 3324 et
2890 3250 3493 3346 pervenissemus
3566 3250 3662 3324 ad
3731 3252 4070 3327 hostium

1197 3375 1433 3471 ipsius
1487 3376 1873 3468 ecclesiae,
1913 3398 2081 3451 ecce
2136 3379 2220 3450 et
2273 3379 2604 3451 occurrit
2640 3376 3013 3472 presbiter
3049 3378 3358 3452 veniens
3405 3375 3416 3468 Ι
3466 3376 3559 3450 (16
3597 3379 4060 3452 monasterio

1194 3521 1358 3591 suc,
1415 3500 1548 3597 qui
1602 3500 1747 3596 ipsi
1801 3500 2156 3575 ecclesiae
2211 3500 2752 3596 deputabatur,
2809 3523 3039 3575 senex
3091 3502 3390 3596 integer
3443 3502 3525 3574 et
3569 3501 3982 3576 monachus
4023 3526 4072 3576 a

1192 3624 1441 3720 prima
1496 3625 1685 3718 vita,
1743 3629 1824 3701 et
1877 3628 1970 3699 1113
2020 3625 2143 3698 1116
2198 3624 2473 3700 dicunt
2519 3625 2801 3715 ascitiS,
2860 3627 2939 3699 et
2993 3625 3194 3720 quod
3250 3625 3472 3721 plura
3509 3625 3756 3720 qualis
3797 3625 4070 3721 dignus

1194 3752 1316 3824 est
1369 3741 1530 3826 esse
1585 3751 1667 3824 in
1721 3773 1810 3825 eo
1866 3751 2055 3826 1666.
2099 3751 2608 3826 066611616613
2662 3752 2900 3826 etiam
2954 3755 3036 3825 et
3089 3750 3222 3825 alii
3277 3750 3697 3845 presbiteri,
3738 3771 3875 3824 666
3911 3773 4072 3824 666

1193 3875 1430 3951 6131616
1463 3878 1566 3950 *et
1620 3899 1880 3950 omnes
1933 3877 2306 3968 monachi,
2367 3877 2498 3971 qui
2556 3877 2662 3950 ibi
2727 3877 3397 3952 commorabantur
3465 3876 3684 3950 iuxta
3721 3878 4061 3953 montem

1190 3999 1436 4094 illum,
1494 4001 1573 4073 id
1628 4004 1747 4076 est
1800 4001 1931 4097 qui
1995 4004 2259 4075 tamen
2312 4003 2453 4074 aut
2506 4003 2765 4076 aetate
2831 4003 2972 4074 aut
3031 3999 3559 4075 imbecillitate
3632 4022 3785 4074 non
3848 4000 4064 4075 fuere

1189 4126 1561 4222 impediti.
1619 4127 1906 4202 Verum
1960 4132 2224 4203 autem
2278 4128 2358 4200 16
2415 4128 2586 4221 ipsa'
2636 4127 3082 4202 summitate
3137 4126 3419 4200 montis
3474 4126 3681 4200 illius
3730 4126 4068 4202 mediani

1186 4250 1448 4323 nullus
1513 4254 1984 4327 commanet:
2044 4251 2235 4325 nihil
2291 4250 2496 4325 enim
2551 4254 2671 4325 est
2724 4250 2833 4324 ibi
2869 4249 3104 4342 aliud,
3160 4251 3307 4323 nisi
3368 4250 3531 4324 sola
3596 4248 3909 4324 ecclesia
3987 4252 4070 4324 et

1349 4529 1368 4565 ¹
1400 4528 1627 4593 Omnes
1654 4530 2047 4594 consentiunt
2074 4528 2197 4590 sibi
2219 4527 2505 4590 manibus
2532 4528 2915 4608 pedibusque
2943 4526 3454 4607 contendendum,
3481 4533 3555 4612 ut
3581 4526 3811 4589 montis
3838 4525 4064 4589 Mcisis

1183 4648 1370 4708 rupes
1412 4629 1782 4708 asperrimas
1824 4630 2232 4708 scopulosque
2272 4628 2610 4706 graniticos
2653 4627 2950 4690 scandere
2998 4629 3264 4689 valeant.

1346 4725 1369 4761 ²
1394 4727 1569 4786 Hora
1609 4732 1827 4805 quarta
1871 4724 1997 4786 diei
2061 4724 2139 4786 ab
2202 4733 2342 4786 ortu
2396 4724 2568 4803 solis,
2610 4745 2822 4787 mense
2863 4724 3174 4787 decembri
3215 4724 3295 4785 ad
3333 4723 3598 4801 gradum
3641 4719 3740 4798 28,
3783 4722 4069 4802 congruit

1180 4824 1539 4886 undecimae
1580 4830 1831 4885 nostrae
1875 4830 2017 4885 ante
2058 4823 2405 4885 meridiem.

1342 4923 1367 4959 ⁸
1395 4923 1739 4983 Ecclesiam
1779 4923 1844 4982 in
1885 4943 2117 4984 summo
2158 4921 2386 4983 montis
2430 4921 2603 4982 Sinai
2643 4921 2906 4983 locatam
2946 4920 3298 4982 Antoninus
3338 4929 3575 4998 martyr
3610 4926 3910 4980 memorat
3937 4917 3977 4980 1.
4008 4939 4062 4981 6.

1183 5045 1218 5078 «
1248 5022 1404 5082 Inde
1446 5020 1836 5082 ascendimus
1878 5020 2072 5081 millia
2111 5021 2397 5081 continuo
2423 5019 2547 5081 tria
2584 5019 2650 5080 in
2692 5039 2926 5081 summo
2954 5019 3184 5081 montis
3213 5039 3518 5097 cacumen,
3547 5019 3613 5077 16
3640 5038 3756 5095 quo
3790 5024 3887 5078 est
3918 5037 4066 5078 ora-

1184 5143 1217 5176 «
1245 5119 1471 5180 torium
1510 5117 1816 5186 modicum
1856 5118 2091 5179 habens
2130 5117 2324 5198 pedes
2366 5137 2479 5179 sex
2521 5117 2615 5198 (ε’
2654 5137 2733 5178 16.
2778 5119 2941 5196 1,78)
2985 5117 3053 5177 16
3109 5116 3517 5195 longitudine,
3575 5115 3864 5176 similiter
3903 5121 3969 5176 et
3999 5115 4067 5175 in

1181 5219 1597 5280 «latitudine.
1640 5218 1719 5278 In
1759 5237 1877 5294 quo
1917 5217 2124 5278 nullus
2165 5236 2411 5278 manere
2453 5216 2871 5296 praesumitur
2903 5239 2955 5276 ».
2988 5216 3077 5275 At
3119 5215 3176 5276 si
3219 5214 3482 5276 ecclesia
3522 5214 3612 5274 ita
3638 5235 3832 5292 parva
3867 5213 4068 5274 instar

1181 5317 1394 5378 sacelli
1434 5316 1679 5393 fuisset,
1725 5321 1871 5394 apta
1907 5335 2031 5375 non
2073 5321 2245 5376 esset
2285 5314 2542 5375 locutio:
2589 5336 2622 5371 «
2650 5334 2772 5374 non
2815 5315 2971 5374 satis
3013 5313 3265 5392 grandis
3320 5318 3437 5391 est,
3494 5332 3650 5389 quae
3704 5317 3911 5371 tamen
3975 5331 4070 5372 ec-

1154 5437 1219 5490 ¹«
1249 5414 1441 5475 clesia
1477 5415 1666 5475 habet
1706 5414 1785 5476 de
1827 5434 1896 5475 se
1938 5413 2203 5493 gratiam
2242 5412 2539 5490 grandem
2569 5435 2624 5473 ».
2656 5411 2862 5484 Quare
2891 5416 3146 5491 propter
3185 5413 3434 5472 crebras
3463 5409 3846 5472 incursiones
3886 5409 4064 5470 Sara·

1175 5533 1469 5574 cenorum
1508 5533 1644 5574 eam
1682 5514 2066 5574 destructam
2104 5511 2323 5588 fuisse,
2366 5512 2593 5573 deinde
2633 5510 2769 5590 ipso
2811 5511 2879 5571 in
2918 5511 3053 5572 loco
3096 5510 3426 5571 monachos
3455 5509 3821 5586 aediculam,
3865 5527 4067 5585 quem-

1174 5608 1510 5670 admodum
1549 5610 1899 5671 Antoninus
1940 5609 2119 5690 1111111,
2161 5606 2610 5669 restituendam
2652 5607 2966 5669 curavisse
3009 5607 3392 5669 arbitramur.
