<?xml version="1.0" encoding="UTF-8"?>
<!DOCTYPE html PUBLIC "-//W3C//DTD XHTML 1.0 Transitional//EN"
    "http://www.w3.org/TR/xhtml1/DTD/xhtml1-transitional.dtd">
<html xmlns="http://www.w3.org/1999/xhtml" xml:lang="en" lang="en">
 <head>
  <title>
</title>
<meta http-equiv="Content-Type" content="text/html;charset=utf-8" />
  <meta name='ocr-system' content='tesseract 3.04.00' />
  <meta name='ocr-capabilities' content='ocr_page ocr_carea ocr_par ocr_line ocrx_word'/>
</head>
<body>
  <div class='ocr_page' id='page_1' title='image "./shilariitractat01petrgoog_0141.png"; bbox 0 0 4642 6650; ppageno 0'>
   <div class='ocr_carea' id='block_1_1' title="bbox 1491 666 3434 747">
    <p class='ocr_par' dir='ltr' id='par_1_1' title="bbox 1491 666 3434 747">
     <span class='ocr_line' id='line_1_1' title="bbox 1491 666 3434 747; baseline -0.006 0"><span class='ocrx_word' id='word_1_1' title='bbox 1491 700 1582 747; x_wconf 72' lang='lat' dir='ltr'><strong>Al&gt;</strong></span> <span class='ocrx_word' id='word_1_2' title='bbox 1628 697 1799 747; x_wconf 58' lang='lat' dir='ltr'><strong>Loca</strong></span> <span class='ocrx_word' id='word_1_3' title='bbox 1844 695 2098 745; x_wconf 67' lang='lat' dir='ltr'><strong>smera</strong></span> <span class='ocrx_word' id='word_1_4' title='bbox 2143 696 2254 743; x_wconf 69' lang='lat' dir='ltr'><strong>An.</strong></span> <span class='ocrx_word' id='word_1_5' title='bbox 2303 698 2501 742; x_wconf 60' lang='grc' dir='ltr'><strong>οδε-ωε</strong></span> <span class='ocrx_word' id='word_1_6' title='bbox 3345 666 3434 735; x_wconf 79' lang='lat'><strong>95</strong></span> 
     </span>
    </p>
   </div>
   <div class='ocr_carea' id='block_1_2' title="bbox 457 910 3456 2373">
    <p class='ocr_par' dir='ltr' id='par_1_2' title="bbox 457 910 3456 2373">
     <span class='ocr_line' id='line_1_2' title="bbox 561 910 3429 1008; baseline -0.006 -11"><span class='ocrx_word' id='word_1_7' title='bbox 561 923 970 997; x_wconf 72' lang='lat' dir='ltr'>adducitur</span> <span class='ocrx_word' id='word_1_8' title='bbox 1024 918 1398 992; x_wconf 84' lang='lat' dir='ltr'>Dominus</span> <span class='ocrx_word' id='word_1_9' title='bbox 1461 917 1560 990; x_wconf 88' lang='lat' dir='ltr'><strong>ad</strong></span> <span class='ocrx_word' id='word_1_10' title='bbox 1633 916 1998 1004; x_wconf 75' lang='lat' dir='ltr'><strong>Pilatum,</strong></span> <span class='ocrx_word' id='word_1_11' title='bbox 2072 916 2155 989; x_wconf 90' lang='lat' dir='ltr'><strong>et</strong></span> <span class='ocrx_word' id='word_1_12' title='bbox 2226 913 2483 987; x_wconf 88' lang='lat' dir='ltr'><strong>omnia</strong></span> <span class='ocrx_word' id='word_1_13' title='bbox 2550 932 3072 1008; x_wconf 89' lang='lat' dir='ltr'><strong>quaecumque</strong></span> <span class='ocrx_word' id='word_1_14' title='bbox 3144 910 3429 1004; x_wconf 88' lang='lat' dir='ltr'><strong>scripta</strong></span> 
     </span>
     <span class='ocr_line' id='line_1_3' title="bbox 457 1033 3431 1137; baseline -0.007 -12"><span class='ocrx_word' id='word_1_15' title='bbox 457 1101 460 1102; x_wconf 29' lang='lat' dir='ltr'><strong><em>f</em></strong></span> <span class='ocrx_word' id='word_1_16' title='bbox 507 1125 510 1128; x_wconf 82' lang='grc'><strong>,</strong></span> <span class='ocrx_word' id='word_1_17' title='bbox 562 1051 766 1137; x_wconf 90' lang='lat' dir='ltr'><strong>sunt,</strong></span> <span class='ocrx_word' id='word_1_18' title='bbox 824 1045 1165 1120; x_wconf 89' lang='lat' dir='ltr'><strong>Pilatum</strong></span> <span class='ocrx_word' id='word_1_19' title='bbox 1218 1041 1317 1116; x_wconf 90' lang='lat' dir='ltr'><strong>ad</strong></span> <span class='ocrx_word' id='word_1_20' title='bbox 1369 1041 1784 1115; x_wconf 90' lang='lat' dir='ltr'><strong>Dominum</strong></span> <span class='ocrx_word' id='word_1_21' title='bbox 1838 1038 2115 1113; x_wconf 80' lang='lat' dir='ltr'><strong>dixisse</strong></span> <span class='ocrx_word' id='word_1_22' title='bbox 2168 1039 2309 1111; x_wconf 91' lang='lat' dir='ltr'><strong>aut</strong></span> <span class='ocrx_word' id='word_1_23' title='bbox 2363 1036 2460 1110; x_wconf 90' lang='lat' dir='ltr'><strong>ad</strong></span> <span class='ocrx_word' id='word_1_24' title='bbox 2514 1035 2787 1111; x_wconf 88' lang='lat' dir='ltr'><strong>Iudeos</strong></span> <span class='ocrx_word' id='word_1_25' title='bbox 2824 1037 3082 1110; x_wconf 88' lang='lat' dir='ltr'><strong>totum</strong></span> <span class='ocrx_word' id='word_1_26' title='bbox 3120 1033 3431 1129; x_wconf 89' lang='lat' dir='ltr'><strong>legitur.</strong></span> 
     </span>
     <span class='ocr_line' id='line_1_4' title="bbox 562 1159 3434 1260; baseline -0.006 -13"><span class='ocrx_word' id='word_1_27' title='bbox 562 1170 1061 1247; x_wconf 74' lang='lat' dir='ltr'>Postmodum</span> <span class='ocrx_word' id='word_1_28' title='bbox 1115 1170 1378 1242; x_wconf 90' lang='lat' dir='ltr'><strong>autem</strong></span> <span class='ocrx_word' id='word_1_29' title='bbox 1432 1164 1854 1260; x_wconf 73' lang='lat' dir='ltr'><strong>alloquitur</strong></span> <span class='ocrx_word' id='word_1_30' title='bbox 1906 1162 2299 1259; x_wconf 89' lang='lat' dir='ltr'><strong>episcopus</strong></span> <span class='ocrx_word' id='word_1_31' title='bbox 2354 1161 2748 1256; x_wconf 91' lang='lat' dir='ltr'><strong>populum,</strong></span> <span class='ocrx_word' id='word_1_32' title='bbox 2795 1159 3233 1235; x_wconf 88' lang='lat' dir='ltr'><strong>confortans</strong></span> <span class='ocrx_word' id='word_1_33' title='bbox 3274 1178 3434 1248; x_wconf 91' lang='lat' dir='ltr'><strong>eos,</strong></span> 
     </span>
     <span class='ocr_line' id='line_1_5' title="bbox 564 1283 3438 1392; baseline -0.005 -22"><span class='ocrx_word' id='word_1_34' title='bbox 564 1295 926 1392; x_wconf 89' lang='lat' dir='ltr'><strong>quoniam</strong></span> <span class='ocrx_word' id='word_1_35' title='bbox 980 1294 1065 1367; x_wconf 90' lang='lat' dir='ltr'><strong>et</strong></span> <span class='ocrx_word' id='word_1_36' title='bbox 1116 1293 1289 1366; x_wconf 90' lang='lat' dir='ltr'><strong>tota</strong></span> <span class='ocrx_word' id='word_1_37' title='bbox 1339 1293 1566 1364; x_wconf 88' lang='lat' dir='ltr'><strong>nocte</strong></span> <span class='ocrx_word' id='word_1_38' title='bbox 1621 1289 2198 1379; x_wconf 85' lang='lat' dir='ltr'><strong>laboraverunt,</strong></span> <span class='ocrx_word' id='word_1_39' title='bbox 2255 1286 2506 1360; x_wconf 89' lang='lat' dir='ltr'><strong>adhuc</strong></span> <span class='ocrx_word' id='word_1_40' title='bbox 2577 1284 3007 1360; x_wconf 70' lang='lat' dir='ltr'><strong>laboraturi</strong></span> <span class='ocrx_word' id='word_1_41' title='bbox 3060 1285 3218 1358; x_wconf 89' lang='lat' dir='ltr'><strong>sint</strong></span> <span class='ocrx_word' id='word_1_42' title='bbox 3270 1283 3438 1379; x_wconf 90' lang='lat' dir='ltr'><strong>ipsa</strong></span> 
     </span>
     <span class='ocr_line' id='line_1_6' title="bbox 567 1405 3440 1510; baseline -0.003 -17"><span class='ocrx_word' id='word_1_43' title='bbox 567 1419 711 1510; x_wconf 89' lang='lat' dir='ltr'><strong>die,</strong></span> <span class='ocrx_word' id='word_1_44' title='bbox 767 1421 860 1492; x_wconf 90' lang='lat' dir='ltr'><strong>ut</strong></span> <span class='ocrx_word' id='word_1_45' title='bbox 909 1438 1068 1491; x_wconf 92' lang='lat' dir='ltr'><strong>non</strong></span> <span class='ocrx_word' id='word_1_46' title='bbox 1119 1415 1527 1505; x_wconf 72' lang='lat' dir='ltr'><strong>lassentur,</strong></span> <span class='ocrx_word' id='word_1_47' title='bbox 1584 1411 1715 1488; x_wconf 87' lang='lat' dir='ltr'><strong>sed</strong></span> <span class='ocrx_word' id='word_1_48' title='bbox 1768 1405 2108 1486; x_wconf 78' lang='lat' dir='ltr'><strong>habeant</strong></span> <span class='ocrx_word' id='word_1_49' title='bbox 2161 1432 2375 1507; x_wconf 89' lang='lat' dir='ltr'><strong>spem</strong></span> <span class='ocrx_word' id='word_1_50' title='bbox 2432 1410 2513 1483; x_wconf 90' lang='lat' dir='ltr'><strong>in</strong></span> <span class='ocrx_word' id='word_1_51' title='bbox 2566 1410 2920 1501; x_wconf 87' lang='lat' dir='ltr'><strong>Domino,</strong></span> <span class='ocrx_word' id='word_1_52' title='bbox 2976 1409 3110 1505; x_wconf 91' lang='lat' dir='ltr'><strong>qui</strong></span> <span class='ocrx_word' id='word_1_53' title='bbox 3147 1407 3255 1484; x_wconf 91' lang='lat' dir='ltr'><strong>eis</strong></span> <span class='ocrx_word' id='word_1_54' title='bbox 3301 1430 3440 1504; x_wconf 91' lang='lat' dir='ltr'><strong>pro</strong></span> 
     </span>
     <span class='ocr_line' id='line_1_7' title="bbox 568 1533 3446 1630; baseline -0.003 -12"><span class='ocrx_word' id='word_1_55' title='bbox 568 1564 659 1618; x_wconf 91' lang='lat' dir='ltr'><strong>eo</strong></span> <span class='ocrx_word' id='word_1_56' title='bbox 712 1542 975 1616; x_wconf 91' lang='lat' dir='ltr'><strong>labore</strong></span> <span class='ocrx_word' id='word_1_57' title='bbox 1013 1540 1379 1615; x_wconf 86' lang='lat' dir='ltr'><strong>maiorem</strong></span> <span class='ocrx_word' id='word_1_58' title='bbox 1419 1536 1838 1612; x_wconf 80' lang='lat' dir='ltr'><strong>mercedem</strong></span> <span class='ocrx_word' id='word_1_59' title='bbox 1875 1535 2313 1611; x_wconf 84' lang='lat' dir='ltr'><strong>redditurus</strong></span> <span class='ocrx_word' id='word_1_60' title='bbox 2352 1535 2478 1609; x_wconf 90' lang='lat' dir='ltr'><strong>sit.</strong></span> <span class='ocrx_word' id='word_1_61' title='bbox 2517 1533 2620 1608; x_wconf 82' lang='lat' dir='ltr'><strong>Et</strong></span> <span class='ocrx_word' id='word_1_62' title='bbox 2655 1533 2761 1609; x_wconf 91' lang='lat' dir='ltr'><strong>sic</strong></span> <span class='ocrx_word' id='word_1_63' title='bbox 2798 1533 3237 1609; x_wconf 89' lang='lat' dir='ltr'><strong>confortans</strong></span> <span class='ocrx_word' id='word_1_64' title='bbox 3284 1554 3446 1630; x_wconf 91' lang='lat' dir='ltr'><strong>eos,</strong></span> 
     </span>
     <span class='ocr_line' id='line_1_8' title="bbox 574 1656 3446 1761; baseline -0.003 -21"><span class='ocrx_word' id='word_1_65' title='bbox 574 1668 663 1740; x_wconf 92' lang='lat' dir='ltr'><strong>ut</strong></span> <span class='ocrx_word' id='word_1_66' title='bbox 714 1665 973 1761; x_wconf 90' lang='lat' dir='ltr'><strong>potest</strong></span> <span class='ocrx_word' id='word_1_67' title='bbox 1023 1663 1207 1758; x_wconf 88' lang='lat' dir='ltr'><strong>ipse,</strong></span> <span class='ocrx_word' id='word_1_68' title='bbox 1265 1661 1661 1756; x_wconf 91' lang='lat' dir='ltr'><strong>alloquens</strong></span> <span class='ocrx_word' id='word_1_69' title='bbox 1717 1658 1903 1733; x_wconf 90' lang='lat' dir='ltr'><strong>dicit</strong></span> <span class='ocrx_word' id='word_1_70' title='bbox 1944 1658 2093 1733; x_wconf 84' lang='lat' dir='ltr'><strong>eis:</strong></span> <span class='ocrx_word' id='word_1_71' title='bbox 2148 1658 2269 1733; x_wconf 91' lang='lat' dir='ltr'><strong>Ite</strong></span> <span class='ocrx_word' id='word_1_72' title='bbox 2323 1657 2633 1732; x_wconf 91' lang='lat' dir='ltr'><strong>interim</strong></span> <span class='ocrx_word' id='word_1_73' title='bbox 2678 1679 2882 1732; x_wconf 91' lang='lat' dir='ltr'><strong>nunc</strong></span> <span class='ocrx_word' id='word_1_74' title='bbox 2919 1656 3446 1752; x_wconf 86' lang='lat' dir='ltr'><strong>unusquisque</strong></span> 
     </span>
     <span class='ocr_line' id='line_1_9' title="bbox 573 1780 3451 1877; baseline -0.003 -13"><span class='ocrx_word' id='word_1_75' title='bbox 573 1789 669 1864; x_wconf 90' lang='lat' dir='ltr'><strong>ad</strong></span> <span class='ocrx_word' id='word_1_76' title='bbox 705 1787 1221 1863; x_wconf 89' lang='lat' dir='ltr'><strong>domuncellas</strong></span> <span class='ocrx_word' id='word_1_77' title='bbox 1258 1788 1574 1875; x_wconf 86' lang='lat' dir='ltr'><strong>vestras,</strong></span> <span class='ocrx_word' id='word_1_78' title='bbox 1614 1784 1874 1859; x_wconf 90' lang='lat' dir='ltr'><strong>sedete</strong></span> <span class='ocrx_word' id='word_1_79' title='bbox 1911 1781 2130 1859; x_wconf 85' lang='lat' dir='ltr'><strong>vobis</strong></span> <span class='ocrx_word' id='word_1_80' title='bbox 2168 1785 2249 1858; x_wconf 89' lang='lat' dir='ltr'><strong>et</strong></span> <span class='ocrx_word' id='word_1_81' title='bbox 2287 1781 2605 1872; x_wconf 81' lang='lat' dir='ltr'><strong>modicO,</strong></span> <span class='ocrx_word' id='word_1_82' title='bbox 2645 1784 2728 1857; x_wconf 91' lang='lat' dir='ltr'><strong>et</strong></span> <span class='ocrx_word' id='word_1_83' title='bbox 2763 1780 2862 1856; x_wconf 89' lang='lat' dir='ltr'><strong>ad</strong></span> <span class='ocrx_word' id='word_1_84' title='bbox 2898 1783 3166 1856; x_wconf 89' lang='lat' dir='ltr'><strong>horam</strong></span> <span class='ocrx_word' id='word_1_85' title='bbox 3211 1801 3451 1877; x_wconf 88' lang='lat' dir='ltr'><strong>prope</strong></span> 
     </span>
     <span class='ocr_line' id='line_1_10' title="bbox 573 1903 3450 2005; baseline -0.005 -15"><span class='ocrx_word' id='word_1_86' title='bbox 573 1913 980 1990; x_wconf 82' lang='lat' dir='ltr'><strong>secundam</strong></span> <span class='ocrx_word' id='word_1_87' title='bbox 1036 1911 1191 1987; x_wconf 89' lang='lat' dir='ltr'><strong>diei</strong></span> <span class='ocrx_word' id='word_1_88' title='bbox 1245 1932 1507 1986; x_wconf 90' lang='lat' dir='ltr'><strong>omnes</strong></span> <span class='ocrx_word' id='word_1_89' title='bbox 1562 1909 1815 2005; x_wconf 89' lang='lat' dir='ltr'><strong>parati</strong></span> <span class='ocrx_word' id='word_1_90' title='bbox 1869 1911 2120 1983; x_wconf 90' lang='lat' dir='ltr'><strong>estote</strong></span> <span class='ocrx_word' id='word_1_91' title='bbox 2172 1906 2319 1996; x_wconf 89' lang='lat' dir='ltr'><strong>hic,</strong></span> <span class='ocrx_word' id='word_1_92' title='bbox 2380 1909 2473 1980; x_wconf 88' lang='lat' dir='ltr'><strong>ut</strong></span> <span class='ocrx_word' id='word_1_93' title='bbox 2527 1906 2619 1980; x_wconf 96' lang='lat' dir='ltr'><strong>de</strong></span> <span class='ocrx_word' id='word_1_94' title='bbox 2678 1927 2770 1982; x_wconf 91' lang='lat' dir='ltr'><strong>ea</strong></span> <span class='ocrx_word' id='word_1_95' title='bbox 2826 1908 3017 1980; x_wconf 92' lang='lat' dir='ltr'><strong>hora</strong></span> <span class='ocrx_word' id='word_1_96' title='bbox 3074 1927 3313 2002; x_wconf 89' lang='lat' dir='ltr'><strong>usque</strong></span> <span class='ocrx_word' id='word_1_97' title='bbox 3349 1903 3450 1977; x_wconf 90' lang='lat' dir='ltr'><strong>ad</strong></span> 
     </span>
     <span class='ocr_line' id='line_1_11' title="bbox 575 2031 3456 2131; baseline -0.004 -18"><span class='ocrx_word' id='word_1_98' title='bbox 575 2041 791 2114; x_wconf 82' lang='lat' dir='ltr'><strong>sexta</strong></span> <span class='ocrx_word' id='word_1_99' title='bbox 845 2039 1195 2111; x_wconf 89' lang='lat' dir='ltr'><strong>sanctum</strong></span> <span class='ocrx_word' id='word_1_100' title='bbox 1252 2035 1542 2131; x_wconf 85' lang='lat' dir='ltr'><strong>lignum</strong></span> <span class='ocrx_word' id='word_1_101' title='bbox 1581 2032 1823 2108; x_wconf 90' lang='lat' dir='ltr'><strong>crucis</strong></span> <span class='ocrx_word' id='word_1_102' title='bbox 1860 2031 2171 2128; x_wconf 90' lang='lat' dir='ltr'><strong>possitis</strong></span> <span class='ocrx_word' id='word_1_103' title='bbox 2207 2031 2494 2122; x_wconf 84' lang='lat' dir='ltr'><strong>videre,</strong></span> <span class='ocrx_word' id='word_1_104' title='bbox 2533 2031 2633 2105; x_wconf 86' lang='lat' dir='ltr'><strong>ad</strong></span> <span class='ocrx_word' id='word_1_105' title='bbox 2669 2032 3000 2106; x_wconf 88' lang='lat' dir='ltr'><strong>salutem</strong></span> <span class='ocrx_word' id='word_1_106' title='bbox 3035 2031 3181 2104; x_wconf 91' lang='lat' dir='ltr'><strong>sibi</strong></span> <span class='ocrx_word' id='word_1_107' title='bbox 3217 2051 3456 2103; x_wconf 90' lang='lat' dir='ltr'><strong>unus-</strong></span> 
     </span>
     <span class='ocr_line' id='line_1_12' title="bbox 580 2154 3454 2259; baseline -0.003 -23"><span class='ocrx_word' id='word_1_108' title='bbox 580 2164 898 2259; x_wconf 86' lang='lat' dir='ltr'><strong>quisque</strong></span> <span class='ocrx_word' id='word_1_109' title='bbox 948 2163 1302 2236; x_wconf 89' lang='lat' dir='ltr'><strong>nostrum</strong></span> <span class='ocrx_word' id='word_1_110' title='bbox 1356 2159 1665 2235; x_wconf 90' lang='lat' dir='ltr'><strong>credens</strong></span> <span class='ocrx_word' id='word_1_111' title='bbox 1718 2156 2251 2254; x_wconf 87' lang='lat' dir='ltr'><strong>profuturum:</strong></span> <span class='ocrx_word' id='word_1_112' title='bbox 2309 2156 2405 2232; x_wconf 92' lang='lat' dir='ltr'><strong>de</strong></span> <span class='ocrx_word' id='word_1_113' title='bbox 2457 2156 2648 2230; x_wconf 90' lang='lat' dir='ltr'><strong>hora</strong></span> <span class='ocrx_word' id='word_1_114' title='bbox 2702 2156 2909 2229; x_wconf 92' lang='lat' dir='ltr'><strong>enim</strong></span> <span class='ocrx_word' id='word_1_115' title='bbox 2944 2158 3163 2229; x_wconf 85' lang='lat' dir='ltr'><strong>sexta</strong></span> <span class='ocrx_word' id='word_1_116' title='bbox 3200 2154 3454 2229; x_wconf 91' lang='lat' dir='ltr'><strong>denuo</strong></span> 
     </span>
     <span class='ocr_line' id='line_1_13' title="bbox 581 2280 3456 2373; baseline -0.002 -11"><span class='ocrx_word' id='word_1_117' title='bbox 581 2306 880 2362; x_wconf 88' lang='lat' dir='ltr'><strong>necesse</strong></span> <span class='ocrx_word' id='word_1_118' title='bbox 931 2285 1303 2360; x_wconf 89' lang='lat' dir='ltr'><strong>habemus</strong></span> <span class='ocrx_word' id='word_1_119' title='bbox 1356 2283 1482 2358; x_wconf 92' lang='lat' dir='ltr'><strong>hic</strong></span> <span class='ocrx_word' id='word_1_120' title='bbox 1535 2303 1795 2357; x_wconf 89' lang='lat' dir='ltr'><strong>omnes</strong></span> <span class='ocrx_word' id='word_1_121' title='bbox 1851 2281 2254 2357; x_wconf 86' lang='lat' dir='ltr'><strong>convenire</strong></span> <span class='ocrx_word' id='word_1_122' title='bbox 2317 2281 2401 2354; x_wconf 90' lang='lat' dir='ltr'><strong>in</strong></span> <span class='ocrx_word' id='word_1_123' title='bbox 2465 2281 2616 2355; x_wconf 92' lang='lat' dir='ltr'><strong>isto</strong></span> <span class='ocrx_word' id='word_1_124' title='bbox 2679 2280 2871 2373; x_wconf 92' lang='lat' dir='ltr'><strong>loco,</strong></span> <span class='ocrx_word' id='word_1_125' title='bbox 2936 2281 3016 2354; x_wconf 92' lang='lat' dir='ltr'><strong>id</strong></span> <span class='ocrx_word' id='word_1_126' title='bbox 3080 2283 3202 2356; x_wconf 89' lang='lat' dir='ltr'><strong>est</strong></span> <span class='ocrx_word' id='word_1_127' title='bbox 3270 2283 3456 2357; x_wconf 89' lang='lat' dir='ltr'><strong>ante</strong></span> 
     </span>
    </p>
   </div>
   <div class='ocr_carea' id='block_1_3' title="bbox 582 2404 3456 2610">
    <p class='ocr_par' dir='ltr' id='par_1_3' title="bbox 582 2404 3456 2610">
     <span class='ocr_line' id='line_1_14' title="bbox 582 2404 3456 2501; baseline -0.002 -15"><span class='ocrx_word' id='word_1_128' title='bbox 582 2411 923 2501; x_wconf 85' lang='lat' dir='ltr'><strong>Crucem,</strong></span> <span class='ocrx_word' id='word_1_129' title='bbox 982 2411 1076 2482; x_wconf 91' lang='lat' dir='ltr'><strong>ut</strong></span> <span class='ocrx_word' id='word_1_130' title='bbox 1126 2407 1585 2484; x_wconf 88' lang='lat' dir='ltr'><strong>lectionibus</strong></span> <span class='ocrx_word' id='word_1_131' title='bbox 1641 2409 1722 2482; x_wconf 91' lang='lat' dir='ltr'><strong>et</strong></span> <span class='ocrx_word' id='word_1_132' title='bbox 1775 2405 2252 2482; x_wconf 90' lang='lat' dir='ltr'><strong>orationibus</strong></span> <span class='ocrx_word' id='word_1_133' title='bbox 2307 2426 2553 2501; x_wconf 90' lang='lat' dir='ltr'><strong>usque</strong></span> <span class='ocrx_word' id='word_1_134' title='bbox 2616 2404 2714 2478; x_wconf 87' lang='lat' dir='ltr'><strong>ad</strong></span> <span class='ocrx_word' id='word_1_135' title='bbox 2776 2408 3080 2481; x_wconf 89' lang='lat' dir='ltr'><strong>noctem</strong></span> <span class='ocrx_word' id='word_1_136' title='bbox 3143 2426 3456 2501; x_wconf 89' lang='lat' dir='ltr'><strong>operam</strong></span> 
     </span>
     <span class='ocr_line' id='line_1_15' title="bbox 587 2536 878 2610; baseline -0.003 -1"><span class='ocrx_word' id='word_1_137' title='bbox 587 2536 878 2610; x_wconf 90' lang='lat' dir='ltr'><strong>demus.</strong></span> 
     </span>
    </p>
   </div>
   <div class='ocr_carea' id='block_1_4' title="bbox 487 2647 3467 3622">
    <p class='ocr_par' dir='ltr' id='par_1_4' title="bbox 487 2647 3467 3622">
     <span class='ocr_line' id='line_1_16' title="bbox 745 2647 3459 2749; baseline -0.002 -19"><span class='ocrx_word' id='word_1_138' title='bbox 745 2656 935 2730; x_wconf 88' lang='lat' dir='ltr'><strong>Post</strong></span> <span class='ocrx_word' id='word_1_139' title='bbox 987 2656 1130 2730; x_wconf 88' lang='lat' dir='ltr'><strong>hoc</strong></span> <span class='ocrx_word' id='word_1_140' title='bbox 1182 2675 1363 2749; x_wconf 85' lang='lat' dir='ltr'><strong>ergo</strong></span> <span class='ocrx_word' id='word_1_141' title='bbox 1428 2653 1659 2728; x_wconf 90' lang='lat' dir='ltr'><strong>missa</strong></span> <span class='ocrx_word' id='word_1_142' title='bbox 1707 2650 1719 2744; x_wconf 94' lang='grc' dir='ltr'>Ι</span> <span class='ocrx_word' id='word_1_143' title='bbox 1766 2651 1974 2729; x_wconf 80' lang='lat' dir='ltr'><strong>facta</strong></span> <span class='ocrx_word' id='word_1_144' title='bbox 2047 2652 2140 2726; x_wconf 92' lang='lat' dir='ltr'><strong>de</strong></span> <span class='ocrx_word' id='word_1_145' title='bbox 2202 2651 2465 2742; x_wconf 87' lang='lat' dir='ltr'><strong>Cruce,</strong></span> <span class='ocrx_word' id='word_1_146' title='bbox 2532 2651 2612 2725; x_wconf 90' lang='lat' dir='ltr'><strong>id</strong></span> <span class='ocrx_word' id='word_1_147' title='bbox 2675 2654 2795 2726; x_wconf 91' lang='lat' dir='ltr'><strong>est</strong></span> <span class='ocrx_word' id='word_1_148' title='bbox 2858 2654 3280 2747; x_wconf 87' lang='lat' dir='ltr'><strong>antequam</strong></span> <span class='ocrx_word' id='word_1_149' title='bbox 3342 2647 3459 2726; x_wconf 89' lang='lat' dir='ltr'><strong>sol</strong></span> 
     </span>
     <span class='ocr_line' id='line_1_17' title="bbox 587 2766 3459 2877; baseline -0.002 -23"><span class='ocrx_word' id='word_1_150' title='bbox 587 2766 972 2877; x_wconf 78' lang='lat' dir='ltr'><strong>procedat,</strong></span> <span class='ocrx_word' id='word_1_151' title='bbox 1029 2778 1299 2853; x_wconf 87' lang='lat' dir='ltr'><strong>statim</strong></span> <span class='ocrx_word' id='word_1_152' title='bbox 1350 2776 1872 2873; x_wconf 89' lang='lat' dir='ltr'><strong>unusquisque</strong></span> <span class='ocrx_word' id='word_1_153' title='bbox 1929 2776 2254 2851; x_wconf 85' lang='lat' dir='ltr'><strong>animosi</strong></span> <span class='ocrx_word' id='word_1_154' title='bbox 2308 2777 2596 2853; x_wconf 85' lang='lat' dir='ltr'><strong>vadent</strong></span> <span class='ocrx_word' id='word_1_155' title='bbox 2665 2776 2746 2851; x_wconf 91' lang='lat' dir='ltr'><strong>in</strong></span> <span class='ocrx_word' id='word_1_156' title='bbox 2815 2775 3021 2873; x_wconf 88' lang='lat' dir='ltr'><strong>Syon</strong></span> <span class='ocrx_word' id='word_1_157' title='bbox 3086 2798 3305 2851; x_wconf 89' lang='lat' dir='ltr'><strong>orare</strong></span> <span class='ocrx_word' id='word_1_158' title='bbox 3359 2775 3459 2849; x_wconf 88' lang='lat' dir='ltr'><strong>ad</strong></span> 
     </span>
     <span class='ocr_line' id='line_1_18' title="bbox 589 2892 3462 2996; baseline -0.003 -16"><span class='ocrx_word' id='word_1_159' title='bbox 589 2904 1024 2980; x_wconf 89' lang='lat' dir='ltr'><strong>columnam</strong></span> <span class='ocrx_word' id='word_1_160' title='bbox 1076 2903 1313 2992; x_wconf 89' lang='lat' dir='ltr'><strong>illam,</strong></span> <span class='ocrx_word' id='word_1_161' title='bbox 1371 2902 1470 2974; x_wconf 89' lang='lat' dir='ltr'><strong>ad</strong></span> <span class='ocrx_word' id='word_1_162' title='bbox 1525 2923 1758 2996; x_wconf 88' lang='lat' dir='ltr'><strong>quam</strong></span> <span class='ocrx_word' id='word_1_163' title='bbox 1810 2901 2245 2995; x_wconf 88' lang='lat' dir='ltr'><strong>flagellatus</strong></span> <span class='ocrx_word' id='word_1_164' title='bbox 2300 2903 2421 2976; x_wconf 90' lang='lat' dir='ltr'><strong>est</strong></span> <span class='ocrx_word' id='word_1_165' title='bbox 2473 2892 2905 2977; x_wconf 84' lang='lat' dir='ltr'><strong>Dominus¹.</strong></span> <span class='ocrx_word' id='word_1_166' title='bbox 2944 2901 3131 2976; x_wconf 91' lang='lat' dir='ltr'><strong>Inde</strong></span> <span class='ocrx_word' id='word_1_167' title='bbox 3169 2900 3462 2976; x_wconf 86' lang='lat' dir='ltr'><strong>reversi</strong></span> 
     </span>
     <span class='ocr_line' id='line_1_19' title="bbox 590 3025 3464 3121; baseline -0.001 -17"><span class='ocrx_word' id='word_1_168' title='bbox 590 3028 858 3104; x_wconf 88' lang='lat' dir='ltr'><strong>sedent</strong></span> <span class='ocrx_word' id='word_1_169' title='bbox 911 3028 1202 3102; x_wconf 88' lang='lat' dir='ltr'><strong>modice</strong></span> <span class='ocrx_word' id='word_1_170' title='bbox 1252 3026 1336 3100; x_wconf 89' lang='lat' dir='ltr'><strong>in</strong></span> <span class='ocrx_word' id='word_1_171' title='bbox 1391 3025 1741 3099; x_wconf 90' lang='lat' dir='ltr'><strong>domibus</strong></span> <span class='ocrx_word' id='word_1_172' title='bbox 1796 3025 1977 3115; x_wconf 89' lang='lat' dir='ltr'><strong>suis,</strong></span> <span class='ocrx_word' id='word_1_173' title='bbox 2035 3028 2118 3099; x_wconf 91' lang='lat' dir='ltr'><strong>et</strong></span> <span class='ocrx_word' id='word_1_174' title='bbox 2169 3025 2439 3098; x_wconf 88' lang='lat' dir='ltr'><strong>statim</strong></span> <span class='ocrx_word' id='word_1_175' title='bbox 2473 3025 2626 3100; x_wconf 89' lang='lat' dir='ltr'><strong>toti</strong></span> <span class='ocrx_word' id='word_1_176' title='bbox 2664 3025 2914 3121; x_wconf 89' lang='lat' dir='ltr'><strong>parati</strong></span> <span class='ocrx_word' id='word_1_177' title='bbox 2969 3029 3174 3099; x_wconf 89' lang='lat' dir='ltr'><strong>sunt.</strong></span> <span class='ocrx_word' id='word_1_178' title='bbox 3216 3025 3318 3099; x_wconf 86' lang='lat' dir='ltr'><strong>Et</strong></span> <span class='ocrx_word' id='word_1_179' title='bbox 3356 3026 3464 3100; x_wconf 90' lang='lat' dir='ltr'><strong>sic</strong></span> 
     </span>
     <span class='ocr_line' id='line_1_20' title="bbox 591 3147 3465 3248; baseline -0.001 -22"><span class='ocrx_word' id='word_1_180' title='bbox 591 3152 908 3248; x_wconf 90' lang='lat' dir='ltr'><strong>ponitur</strong></span> <span class='ocrx_word' id='word_1_181' title='bbox 971 3151 1334 3226; x_wconf 87' lang='lat' dir='ltr'><strong>cathedra</strong></span> <span class='ocrx_word' id='word_1_182' title='bbox 1397 3148 1742 3245; x_wconf 90' lang='lat' dir='ltr'><strong>episcopo</strong></span> <span class='ocrx_word' id='word_1_183' title='bbox 1806 3149 1890 3222; x_wconf 91' lang='lat' dir='ltr'><strong>in</strong></span> <span class='ocrx_word' id='word_1_184' title='bbox 1955 3147 2339 3244; x_wconf 80' lang='lat' dir='ltr'><strong>Golgotha</strong></span> <span class='ocrx_word' id='word_1_185' title='bbox 2392 3151 2568 3244; x_wconf 91' lang='lat' dir='ltr'><strong>post</strong></span> <span class='ocrx_word' id='word_1_186' title='bbox 2622 3147 2959 3241; x_wconf 89' lang='lat' dir='ltr'><strong>Crucem,</strong></span> <span class='ocrx_word' id='word_1_187' title='bbox 3032 3170 3230 3245; x_wconf 90' lang='lat' dir='ltr'><strong>quae</strong></span> <span class='ocrx_word' id='word_1_188' title='bbox 3301 3152 3465 3223; x_wconf 87' lang='lat' dir='ltr'><strong>stat</strong></span> 
     </span>
     <span class='ocr_line' id='line_1_21' title="bbox 598 3268 3467 3372; baseline -0.002 -18"><span class='ocrx_word' id='word_1_189' title='bbox 598 3268 867 3365; x_wconf 78' lang='lat' dir='ltr'><strong>nunc²;</strong></span> <span class='ocrx_word' id='word_1_190' title='bbox 924 3274 1212 3352; x_wconf 88' lang='lat' dir='ltr'><strong>residet</strong></span> <span class='ocrx_word' id='word_1_191' title='bbox 1267 3272 1659 3369; x_wconf 88' lang='lat' dir='ltr'><strong>episcopus</strong></span> <span class='ocrx_word' id='word_1_192' title='bbox 1711 3272 1837 3349; x_wconf 84' lang='lat' dir='ltr'><strong>hic</strong></span> <span class='ocrx_word' id='word_1_193' title='bbox 1890 3273 2301 3372; x_wconf 81' lang='lat' dir='ltr'><strong>cathedra:</strong></span> <span class='ocrx_word' id='word_1_194' title='bbox 2359 3273 2676 3371; x_wconf 91' lang='lat' dir='ltr'><strong>ponitur</strong></span> <span class='ocrx_word' id='word_1_195' title='bbox 2729 3276 2912 3349; x_wconf 91' lang='lat' dir='ltr'><strong>ante</strong></span> <span class='ocrx_word' id='word_1_196' title='bbox 2968 3295 3145 3350; x_wconf 88' lang='lat' dir='ltr'><strong>eum</strong></span> <span class='ocrx_word' id='word_1_197' title='bbox 3199 3295 3467 3350; x_wconf 89' lang='lat' dir='ltr'><strong>mensa</strong></span> 
     </span>
     <span class='ocr_line' id='line_1_22' title="bbox 596 3397 3464 3494; baseline -0.001 -18"><span class='ocrx_word' id='word_1_198' title='bbox 596 3401 1109 3476; x_wconf 85' lang='lat' dir='ltr'><strong>sublinteata:</strong></span> <span class='ocrx_word' id='word_1_199' title='bbox 1166 3400 1381 3473; x_wconf 89' lang='lat' dir='ltr'><strong>stant</strong></span> <span class='ocrx_word' id='word_1_200' title='bbox 1431 3397 1515 3471; x_wconf 89' lang='lat' dir='ltr'><strong>in</strong></span> <span class='ocrx_word' id='word_1_201' title='bbox 1549 3398 1715 3494; x_wconf 88' lang='lat' dir='ltr'><strong>giro</strong></span> <span class='ocrx_word' id='word_1_202' title='bbox 1752 3420 2053 3474; x_wconf 77' lang='lat' dir='ltr'><strong>mensae</strong></span> <span class='ocrx_word' id='word_1_203' title='bbox 2091 3398 2483 3487; x_wconf 88' lang='lat' dir='ltr'><strong>diacones;</strong></span> <span class='ocrx_word' id='word_1_204' title='bbox 2524 3401 2606 3473; x_wconf 92' lang='lat' dir='ltr'><strong>et</strong></span> <span class='ocrx_word' id='word_1_205' title='bbox 2649 3399 2969 3474; x_wconf 86' lang='lat' dir='ltr'><strong>affertur</strong></span> <span class='ocrx_word' id='word_1_206' title='bbox 3004 3399 3303 3474; x_wconf 88' lang='lat' dir='ltr'><strong>loculus</strong></span> <span class='ocrx_word' id='word_1_207' title='bbox 3343 3422 3464 3473; x_wconf 93' lang='lat' dir='ltr'><strong>ar·</strong></span> 
     </span>
     <span class='ocr_line' id='line_1_23' title="bbox 487 3517 3460 3622; baseline 0.001 -30"><span class='ocrx_word' id='word_1_208' title='bbox 487 3588 491 3592; x_wconf 84' lang='lat'><strong>.</strong></span> <span class='ocrx_word' id='word_1_209' title='bbox 597 3528 920 3622; x_wconf 86' lang='lat' dir='ltr'><strong>genteus</strong></span> <span class='ocrx_word' id='word_1_210' title='bbox 974 3523 1413 3614; x_wconf 88' lang='lat' dir='ltr'><strong>deauratus,</strong></span> <span class='ocrx_word' id='word_1_211' title='bbox 1468 3521 1552 3595; x_wconf 90' lang='lat' dir='ltr'><strong>in</strong></span> <span class='ocrx_word' id='word_1_212' title='bbox 1605 3544 1757 3618; x_wconf 91' lang='lat' dir='ltr'><strong>quo</strong></span> <span class='ocrx_word' id='word_1_213' title='bbox 1813 3525 1934 3597; x_wconf 89' lang='lat' dir='ltr'><strong>est</strong></span> <span class='ocrx_word' id='word_1_214' title='bbox 1986 3522 2282 3618; x_wconf 85' lang='lat' dir='ltr'><strong>lignum</strong></span> <span class='ocrx_word' id='word_1_215' title='bbox 2336 3525 2688 3598; x_wconf 89' lang='lat' dir='ltr'><strong>sanctum</strong></span> <span class='ocrx_word' id='word_1_216' title='bbox 2743 3523 2984 3599; x_wconf 91' lang='lat' dir='ltr'><strong>crucis</strong></span> <span class='ocrx_word' id='word_1_217' title='bbox 3001 3517 3052 3612; x_wconf 81' lang='lat'><strong>⁸3</strong></span> <span class='ocrx_word' id='word_1_218' title='bbox 3091 3524 3460 3619; x_wconf 88' lang='lat' dir='ltr'><strong>aperitur,</strong></span> 
     </span>
    </p>
   </div>
   <div class='ocr_carea' id='block_1_5' title="bbox 600 3743 3528 4902">
    <p class='ocr_par' dir='ltr' id='par_1_5' title="bbox 600 3743 3528 4902">
     <span class='ocr_line' id='line_1_24' title="bbox 759 3743 3470 3828; baseline 0.001 -19"><span class='ocrx_word' id='word_1_219' title='bbox 759 3747 778 3784; x_wconf 89' lang='lat'>¹</span> <span class='ocrx_word' id='word_1_220' title='bbox 813 3747 1127 3824; x_wconf 83' lang='lat' dir='ltr'><strong>Columna,</strong></span> <span class='ocrx_word' id='word_1_221' title='bbox 1169 3744 1250 3807; x_wconf 83' lang='lat' dir='ltr'><strong>ad</strong></span> <span class='ocrx_word' id='word_1_222' title='bbox 1289 3765 1470 3824; x_wconf 89' lang='lat' dir='ltr'><strong>quam</strong></span> <span class='ocrx_word' id='word_1_223' title='bbox 1533 3743 1824 3808; x_wconf 89' lang='lat' dir='ltr'><strong>Christus</strong></span> <span class='ocrx_word' id='word_1_224' title='bbox 1887 3766 2108 3809; x_wconf 88' lang='lat' dir='ltr'><strong>caesus</strong></span> <span class='ocrx_word' id='word_1_225' title='bbox 2170 3753 2287 3825; x_wconf 87' lang='lat' dir='ltr'><strong>est,</strong></span> <span class='ocrx_word' id='word_1_226' title='bbox 2349 3745 2641 3825; x_wconf 87' lang='lat' dir='ltr'><strong>primitus</strong></span> <span class='ocrx_word' id='word_1_227' title='bbox 2700 3745 2824 3807; x_wconf 87' lang='lat' dir='ltr'><strong>fuit</strong></span> <span class='ocrx_word' id='word_1_228' title='bbox 2861 3746 2927 3808; x_wconf 89' lang='lat' dir='ltr'><strong>in</strong></span> <span class='ocrx_word' id='word_1_229' title='bbox 2968 3745 3149 3810; x_wconf 91' lang='lat' dir='ltr'><strong>domo</strong></span> <span class='ocrx_word' id='word_1_230' title='bbox 3198 3747 3470 3828; x_wconf 85' lang='lat' dir='ltr'><strong>Caiphae</strong></span> 
     </span>
     <span class='ocr_line' id='line_1_25' title="bbox 600 3843 3469 3927; baseline 0 -20"><span class='ocrx_word' id='word_1_231' title='bbox 600 3846 769 3921; x_wconf 87' lang='lat' dir='ltr'><strong>(Itin.</strong></span> <span class='ocrx_word' id='word_1_232' title='bbox 801 3843 1165 3924; x_wconf 86' lang='lat' dir='ltr'><strong>Burdigal.):</strong></span> <span class='ocrx_word' id='word_1_233' title='bbox 1198 3843 1499 3905; x_wconf 85' lang='lat' dir='ltr'><strong>sustinuit</strong></span> <span class='ocrx_word' id='word_1_234' title='bbox 1523 3850 1744 3921; x_wconf 86' lang='lat' dir='ltr'><strong>postea</strong></span> <span class='ocrx_word' id='word_1_235' title='bbox 1767 3844 2072 3923; x_wconf 85' lang='lat' dir='ltr'><strong>porticum</strong></span> <span class='ocrx_word' id='word_1_236' title='bbox 2109 3844 2408 3906; x_wconf 88' lang='lat' dir='ltr'><strong>ecclesiae</strong></span> <span class='ocrx_word' id='word_1_237' title='bbox 2435 3844 2584 3905; x_wconf 87' lang='lat' dir='ltr'><strong>Sion</strong></span> <span class='ocrx_word' id='word_1_238' title='bbox 2612 3843 2700 3926; x_wconf 92' lang='lat' dir='ltr'><strong>(S.</strong></span> <span class='ocrx_word' id='word_1_239' title='bbox 2730 3844 2905 3905; x_wconf 89' lang='lat' dir='ltr'><strong>Hier.</strong></span> <span class='ocrx_word' id='word_1_240' title='bbox 2934 3845 3158 3924; x_wconf 89' lang='lat' dir='ltr'><strong>Pereg.</strong></span> <span class='ocrx_word' id='word_1_241' title='bbox 3187 3846 3469 3927; x_wconf 88' lang='lat' dir='ltr'><strong>Paulae):</strong></span> 
     </span>
     <span class='ocr_line' id='line_1_26' title="bbox 602 3939 3471 4025; baseline 0 -20"><span class='ocrx_word' id='word_1_242' title='bbox 602 3942 827 4005; x_wconf 90' lang='lat' dir='ltr'><strong>deinde</strong></span> <span class='ocrx_word' id='word_1_243' title='bbox 853 3942 1060 4022; x_wconf 85' lang='lat' dir='ltr'><strong>posita</strong></span> <span class='ocrx_word' id='word_1_244' title='bbox 1088 3948 1188 4003; x_wconf 89' lang='lat' dir='ltr'><strong>est</strong></span> <span class='ocrx_word' id='word_1_245' title='bbox 1213 3940 1280 4000; x_wconf 89' lang='lat' dir='ltr'><strong>in</strong></span> <span class='ocrx_word' id='word_1_246' title='bbox 1306 3939 1510 4002; x_wconf 91' lang='lat' dir='ltr'><strong>medio</strong></span> <span class='ocrx_word' id='word_1_247' title='bbox 1543 3941 1824 4003; x_wconf 91' lang='lat' dir='ltr'><strong>eiusdem</strong></span> <span class='ocrx_word' id='word_1_248' title='bbox 1843 3941 2140 4003; x_wconf 88' lang='lat' dir='ltr'><strong>ecclesiae</strong></span> <span class='ocrx_word' id='word_1_249' title='bbox 2165 3941 2425 4022; x_wconf 80' lang='lat' dir='ltr'><strong>(Theod.</strong></span> <span class='ocrx_word' id='word_1_250' title='bbox 2450 3942 2527 4003; x_wconf 92' lang='lat' dir='ltr'><strong>de</strong></span> <span class='ocrx_word' id='word_1_251' title='bbox 2549 3948 2594 4003; x_wconf 93' lang='lat' dir='ltr'><strong>t.</strong></span> <span class='ocrx_word' id='word_1_252' title='bbox 2612 3961 2662 4002; x_wconf 92' lang='lat' dir='ltr'><strong>s.</strong></span> <span class='ocrx_word' id='word_1_253' title='bbox 2683 3942 2723 4021; x_wconf 68' lang='grc' dir='ltr'>ξ</span> <span class='ocrx_word' id='word_1_254' title='bbox 2743 3943 2801 4003; x_wconf 88' lang='grc'><strong>6.</strong></span> <span class='ocrx_word' id='word_1_255' title='bbox 2817 3941 3116 4004; x_wconf 84' lang='lat' dir='ltr'><strong>Arculfus</strong></span> <span class='ocrx_word' id='word_1_256' title='bbox 3144 3944 3185 4003; x_wconf 94' lang='lat' dir='ltr'><strong>l.</strong></span> <span class='ocrx_word' id='word_1_257' title='bbox 3201 3944 3254 4020; x_wconf 95' lang='lat' dir='ltr'><strong>I,</strong></span> <span class='ocrx_word' id='word_1_258' title='bbox 3268 3964 3319 4005; x_wconf 93' lang='lat' dir='ltr'><strong>c.</strong></span> <span class='ocrx_word' id='word_1_259' title='bbox 3347 3945 3471 4025; x_wconf 87' lang='lat'>19).</span> 
     </span>
     <span class='ocr_line' id='line_1_27' title="bbox 760 4037 3475 4120; baseline 0.001 -20"><span class='ocrx_word' id='word_1_260' title='bbox 760 4040 785 4076; x_wconf 78' lang='lat'>²</span> <span class='ocrx_word' id='word_1_261' title='bbox 813 4039 1142 4118; x_wconf 82' lang='lat' dir='ltr'><strong>Golgotha,</strong></span> <span class='ocrx_word' id='word_1_262' title='bbox 1183 4038 1361 4099; x_wconf 90' lang='lat' dir='ltr'><strong>locus</strong></span> <span class='ocrx_word' id='word_1_263' title='bbox 1400 4037 1743 4100; x_wconf 83' lang='lat' dir='ltr'><strong>dominicae</strong></span> <span class='ocrx_word' id='word_1_264' title='bbox 1782 4038 2113 4120; x_wconf 83' lang='lat' dir='ltr'><strong>passionis,</strong></span> <span class='ocrx_word' id='word_1_265' title='bbox 2153 4038 2397 4100; x_wconf 88' lang='lat' dir='ltr'><strong>medius</strong></span> <span class='ocrx_word' id='word_1_266' title='bbox 2438 4045 2572 4100; x_wconf 89' lang='lat' dir='ltr'><strong>erat</strong></span> <span class='ocrx_word' id='word_1_267' title='bbox 2609 4039 2777 4101; x_wconf 87' lang='lat' dir='ltr'><strong>inter</strong></span> <span class='ocrx_word' id='word_1_268' title='bbox 2815 4040 3177 4101; x_wconf 87' lang='lat' dir='ltr'><strong>Anastasim</strong></span> <span class='ocrx_word' id='word_1_269' title='bbox 3217 4046 3284 4102; x_wconf 87' lang='lat' dir='ltr'><strong>et</strong></span> <span class='ocrx_word' id='word_1_270' title='bbox 3314 4041 3475 4102; x_wconf 79' lang='lat' dir='ltr'><strong>Mar-</strong></span> 
     </span>
     <span class='ocr_line' id='line_1_28' title="bbox 602 4135 3476 4219; baseline 0.001 -20"><span class='ocrx_word' id='word_1_271' title='bbox 602 4138 834 4219; x_wconf 80' lang='lat' dir='ltr'><strong>tyrium</strong></span> <span class='ocrx_word' id='word_1_272' title='bbox 874 4136 963 4218; x_wconf 92' lang='lat' dir='ltr'><strong>(S.</strong></span> <span class='ocrx_word' id='word_1_273' title='bbox 993 4135 1354 4213; x_wconf 85' lang='lat' dir='ltr'><strong>Eucherius,</strong></span> <span class='ocrx_word' id='word_1_274' title='bbox 1382 4136 1422 4215; x_wconf 75' lang='lat'>§</span> <span class='ocrx_word' id='word_1_275' title='bbox 1447 4136 1566 4216; x_wconf 85' lang='lat'><strong>4.):</strong></span> <span class='ocrx_word' id='word_1_276' title='bbox 1597 4135 1685 4196; x_wconf 88' lang='lat' dir='ltr'><strong>ibi</strong></span> <span class='ocrx_word' id='word_1_277' title='bbox 1726 4137 1950 4197; x_wconf 88' lang='lat' dir='ltr'><strong>atrium</strong></span> <span class='ocrx_word' id='word_1_278' title='bbox 1989 4136 2246 4215; x_wconf 84' lang='lat' dir='ltr'><strong>grande,</strong></span> <span class='ocrx_word' id='word_1_279' title='bbox 2287 4135 2395 4197; x_wconf 89' lang='lat' dir='ltr'><strong>ubi</strong></span> <span class='ocrx_word' id='word_1_280' title='bbox 2436 4136 2763 4199; x_wconf 84' lang='lat' dir='ltr'><strong>crucifixus</strong></span> <span class='ocrx_word' id='word_1_281' title='bbox 2804 4143 2904 4199; x_wconf 88' lang='lat' dir='ltr'><strong>est</strong></span> <span class='ocrx_word' id='word_1_282' title='bbox 2944 4137 3244 4201; x_wconf 84' lang='lat' dir='ltr'><strong>Dominus</strong></span> <span class='ocrx_word' id='word_1_283' title='bbox 3289 4139 3476 4219; x_wconf 85' lang='lat' dir='ltr'><strong>(Bre-</strong></span> 
     </span>
     <span class='ocr_line' id='line_1_29' title="bbox 604 4233 3478 4316; baseline 0 -18"><span class='ocrx_word' id='word_1_284' title='bbox 604 4235 869 4298; x_wconf 83' lang='lat' dir='ltr'><strong>viarium</strong></span> <span class='ocrx_word' id='word_1_285' title='bbox 908 4233 989 4296; x_wconf 91' lang='lat' dir='ltr'><strong>de</strong></span> <span class='ocrx_word' id='word_1_286' title='bbox 1028 4234 1520 4314; x_wconf 88' lang='lat' dir='ltr'><strong>Hierosolyma):</strong></span> <span class='ocrx_word' id='word_1_287' title='bbox 1563 4233 1860 4295; x_wconf 85' lang='lat' dir='ltr'><strong>cathedra</strong></span> <span class='ocrx_word' id='word_1_288' title='bbox 1887 4234 2163 4315; x_wconf 90' lang='lat' dir='ltr'><strong>episcopi</strong></span> <span class='ocrx_word' id='word_1_289' title='bbox 2188 4234 2721 4314; x_wconf 82' lang='lat' dir='ltr'><strong>hierosolymitani</strong></span> <span class='ocrx_word' id='word_1_290' title='bbox 2761 4235 2851 4297; x_wconf 92' lang='lat' dir='ltr'><strong>ibi</strong></span> <span class='ocrx_word' id='word_1_291' title='bbox 2877 4237 3084 4315; x_wconf 88' lang='lat' dir='ltr'><strong>posita</strong></span> <span class='ocrx_word' id='word_1_292' title='bbox 3122 4243 3275 4316; x_wconf 84' lang='lat' dir='ltr'><strong>erat,</strong></span> <span class='ocrx_word' id='word_1_293' title='bbox 3302 4245 3373 4299; x_wconf 88' lang='lat' dir='ltr'><strong>ut</strong></span> <span class='ocrx_word' id='word_1_294' title='bbox 3400 4258 3478 4300; x_wconf 86' lang='lat' dir='ltr'><strong>ex</strong></span> 
     </span>
     <span class='ocr_line' id='line_1_30' title="bbox 605 4330 3479 4412; baseline 0 -18"><span class='ocrx_word' id='word_1_295' title='bbox 605 4331 985 4410; x_wconf 81' lang='lat' dir='ltr'><strong>Peregrinae</strong></span> <span class='ocrx_word' id='word_1_296' title='bbox 1013 4330 1258 4392; x_wconf 85' lang='lat' dir='ltr'><strong>verbis:</strong></span> <span class='ocrx_word' id='word_1_297' title='bbox 1292 4352 1322 4387; x_wconf 66' lang='grc' dir='ltr'>ι</span> <span class='ocrx_word' id='word_1_298' title='bbox 1346 4348 1501 4408; x_wconf 90' lang='lat' dir='ltr'><strong>quae</strong></span> <span class='ocrx_word' id='word_1_299' title='bbox 1530 4336 1659 4391; x_wconf 84' lang='lat' dir='ltr'><strong>stat</strong></span> <span class='ocrx_word' id='word_1_300' title='bbox 1684 4350 1846 4392; x_wconf 91' lang='lat' dir='ltr'><strong>nunc</strong></span> <span class='ocrx_word' id='word_1_301' title='bbox 1869 4353 1900 4389; x_wconf 64' lang='grc' dir='ltr'><strong>ι</strong></span> <span class='ocrx_word' id='word_1_302' title='bbox 1934 4331 2338 4410; x_wconf 80' lang='lat' dir='ltr'><strong>depromitur.</strong></span> <span class='ocrx_word' id='word_1_303' title='bbox 2368 4331 2681 4393; x_wconf 86' lang='lat' dir='ltr'><strong>Cathedra</strong></span> <span class='ocrx_word' id='word_1_304' title='bbox 2707 4338 2914 4393; x_wconf 87' lang='lat' dir='ltr'><strong>autem</strong></span> <span class='ocrx_word' id='word_1_305' title='bbox 2943 4332 3006 4395; x_wconf 91' lang='lat' dir='ltr'><strong>S.</strong></span> <span class='ocrx_word' id='word_1_306' title='bbox 3035 4333 3265 4412; x_wconf 89' lang='lat' dir='ltr'><strong>Iacobi,</strong></span> <span class='ocrx_word' id='word_1_307' title='bbox 3292 4334 3479 4412; x_wconf 84' lang='lat' dir='ltr'><strong>primi</strong></span> 
     </span>
     <span class='ocr_line' id='line_1_31' title="bbox 609 4427 3476 4511; baseline 0 -19"><span class='ocrx_word' id='word_1_308' title='bbox 609 4429 902 4510; x_wconf 85' lang='lat' dir='ltr'><strong>episcopi,</strong></span> <span class='ocrx_word' id='word_1_309' title='bbox 932 4449 1169 4491; x_wconf 86' lang='lat' dir='ltr'><strong>summa</strong></span> <span class='ocrx_word' id='word_1_310' title='bbox 1194 4427 1596 4490; x_wconf 83' lang='lat' dir='ltr'><strong>veneratione</strong></span> <span class='ocrx_word' id='word_1_311' title='bbox 1621 4428 1689 4488; x_wconf 92' lang='lat' dir='ltr'><strong>in</strong></span> <span class='ocrx_word' id='word_1_312' title='bbox 1718 4427 1981 4493; x_wconf 87' lang='lat' dir='ltr'><strong>ecclesia</strong></span> <span class='ocrx_word' id='word_1_313' title='bbox 2009 4428 2156 4490; x_wconf 84' lang='lat' dir='ltr'><strong>Sion</strong></span> <span class='ocrx_word' id='word_1_314' title='bbox 2182 4429 2563 4507; x_wconf 83' lang='lat' dir='ltr'><strong>servabatur,</strong></span> <span class='ocrx_word' id='word_1_315' title='bbox 2591 4434 2665 4490; x_wconf 87' lang='lat' dir='ltr'><strong>ut</strong></span> <span class='ocrx_word' id='word_1_316' title='bbox 2692 4429 3082 4508; x_wconf 87' lang='lat' dir='ltr'><strong>Peregrina</strong></span> <span class='ocrx_word' id='word_1_317' title='bbox 3062 4451 3204 4511; x_wconf 77' lang='lat' dir='ltr'><strong>ipsa</strong></span> <span class='ocrx_word' id='word_1_318' title='bbox 3239 4432 3476 4511; x_wconf 87' lang='lat' dir='ltr'><strong>retulit,</strong></span> 
     </span>
     <span class='ocr_line' id='line_1_32' title="bbox 609 4525 3528 4611; baseline 0.001 -22"><span class='ocrx_word' id='word_1_319' title='bbox 609 4533 675 4589; x_wconf 89' lang='lat' dir='ltr'><strong>et</strong></span> <span class='ocrx_word' id='word_1_320' title='bbox 710 4526 947 4605; x_wconf 89' lang='lat' dir='ltr'><strong>legitur</strong></span> <span class='ocrx_word' id='word_1_321' title='bbox 984 4526 1052 4586; x_wconf 92' lang='lat' dir='ltr'><strong>in</strong></span> <span class='ocrx_word' id='word_1_322' title='bbox 1091 4525 1248 4586; x_wconf 91' lang='lat' dir='ltr'><strong>libro</strong></span> <span class='ocrx_word' id='word_1_323' title='bbox 1290 4525 1467 4587; x_wconf 89' lang='lat' dir='ltr'><strong>Petri</strong></span> <span class='ocrx_word' id='word_1_324' title='bbox 1504 4525 1787 4604; x_wconf 90' lang='lat' dir='ltr'><strong>Diaconi‚</strong></span> <span class='ocrx_word' id='word_1_325' title='bbox 1828 4527 1925 4586; x_wconf 82' lang='lat' dir='ltr'><strong>De</strong></span> <span class='ocrx_word' id='word_1_326' title='bbox 1953 4528 2102 4587; x_wconf 80' lang='lat' dir='ltr'><strong>locis</strong></span> <span class='ocrx_word' id='word_1_327' title='bbox 2129 4532 2365 4588; x_wconf 78' lang='lat' dir='ltr'><strong>sanctis</strong></span> <span class='ocrx_word' id='word_1_328' title='bbox 2394 4525 2498 4607; x_wconf 90' lang='lat' dir='ltr'><strong>(cf.</strong></span> <span class='ocrx_word' id='word_1_329' title='bbox 2530 4525 2758 4605; x_wconf 89' lang='lat' dir='ltr'><strong>Sulpic.</strong></span> <span class='ocrx_word' id='word_1_330' title='bbox 2790 4525 3001 4590; x_wconf 81' lang='lat' dir='ltr'><strong>Sever.</strong></span> <span class='ocrx_word' id='word_1_331' title='bbox 3044 4528 3197 4591; x_wconf 85' lang='lat' dir='ltr'><strong>Vita</strong></span> <span class='ocrx_word' id='word_1_332' title='bbox 3230 4528 3292 4590; x_wconf 89' lang='lat' dir='ltr'><strong>S.</strong></span> <span class='ocrx_word' id='word_1_333' title='bbox 3319 4530 3481 4591; x_wconf 86' lang='lat' dir='ltr'><strong>Mar-</strong></span> <span class='ocrx_word' id='word_1_334' title='bbox 3515 4594 3528 4611; x_wconf 32' lang='lat'>⁸</span> 
     </span>
     <span class='ocr_line' id='line_1_33' title="bbox 607 4622 1604 4702; baseline -0.005 -16"><span class='ocrx_word' id='word_1_335' title='bbox 607 4623 725 4686; x_wconf 88' lang='lat' dir='ltr'><strong>tini</strong></span> <span class='ocrx_word' id='word_1_336' title='bbox 766 4623 861 4685; x_wconf 89' lang='lat' dir='ltr'><strong>ed.</strong></span> <span class='ocrx_word' id='word_1_337' title='bbox 907 4623 986 4684; x_wconf 92' lang='lat' dir='ltr'><strong>de</strong></span> <span class='ocrx_word' id='word_1_338' title='bbox 1026 4623 1218 4683; x_wconf 87' lang='lat' dir='ltr'><strong>Prato</strong></span> <span class='ocrx_word' id='word_1_339' title='bbox 1259 4622 1296 4682; x_wconf 91' lang='grc' dir='ltr'>Ι</span> <span class='ocrx_word' id='word_1_340' title='bbox 1335 4642 1396 4701; x_wconf 92' lang='lat' dir='ltr'><strong>p.</strong></span> <span class='ocrx_word' id='word_1_341' title='bbox 1439 4622 1604 4702; x_wconf 84' lang='lat'><strong>389).</strong></span> 
     </span>
     <span class='ocr_line' id='line_1_34' title="bbox 694 4712 3480 4802; baseline 0.001 -20"><span class='ocrx_word' id='word_1_342' title='bbox 694 4712 702 4719; x_wconf 69' lang='grc'><strong>’</strong></span> <span class='ocrx_word' id='word_1_343' title='bbox 769 4721 794 4758; x_wconf 77' lang='lat'>³</span> <span class='ocrx_word' id='word_1_344' title='bbox 820 4720 1104 4783; x_wconf 84' lang='lat' dir='ltr'><strong>Affertur</strong></span> <span class='ocrx_word' id='word_1_345' title='bbox 1127 4726 1192 4782; x_wconf 88' lang='lat' dir='ltr'><strong>et</strong></span> <span class='ocrx_word' id='word_1_346' title='bbox 1210 4719 1461 4800; x_wconf 88' lang='lat' dir='ltr'><strong>ponitur</strong></span> <span class='ocrx_word' id='word_1_347' title='bbox 1486 4720 1551 4781; x_wconf 93' lang='lat' dir='ltr'><strong>in</strong></span> <span class='ocrx_word' id='word_1_348' title='bbox 1573 4740 1785 4782; x_wconf 90' lang='lat' dir='ltr'><strong>mensa</strong></span> <span class='ocrx_word' id='word_1_349' title='bbox 1804 4720 1999 4783; x_wconf 90' lang='lat' dir='ltr'><strong>linteo</strong></span> <span class='ocrx_word' id='word_1_350' title='bbox 2023 4727 2189 4783; x_wconf 85' lang='lat' dir='ltr'><strong>tecta</strong></span> <span class='ocrx_word' id='word_1_351' title='bbox 2209 4722 2445 4800; x_wconf 88' lang='lat' dir='ltr'><strong>lignum</strong></span> <span class='ocrx_word' id='word_1_352' title='bbox 2464 4730 2717 4784; x_wconf 87' lang='lat' dir='ltr'><strong>sanctae</strong></span> <span class='ocrx_word' id='word_1_353' title='bbox 2739 4722 2971 4802; x_wconf 82' lang='lat' dir='ltr'><strong>Crucis,</strong></span> <span class='ocrx_word' id='word_1_354' title='bbox 2996 4724 3204 4802; x_wconf 87' lang='lat' dir='ltr'><strong>quod&#39;</strong></span> <span class='ocrx_word' id='word_1_355' title='bbox 3185 4745 3251 4786; x_wconf 90' lang='lat' dir='ltr'><strong>1n</strong></span> <span class='ocrx_word' id='word_1_356' title='bbox 3278 4724 3480 4787; x_wconf 84' lang='lat' dir='ltr'><strong>loculo</strong></span> 
     </span>
     <span class='ocr_line' id='line_1_35' title="bbox 611 4817 3480 4902; baseline 0.001 -21"><span class='ocrx_word' id='word_1_357' title='bbox 611 4824 905 4898; x_wconf 81' lang='lat' dir='ltr'><strong>argenteo</strong></span> <span class='ocrx_word' id='word_1_358' title='bbox 948 4819 1241 4880; x_wconf 81' lang='lat' dir='ltr'><strong>deaurato</strong></span> <span class='ocrx_word' id='word_1_359' title='bbox 1268 4817 1581 4878; x_wconf 88' lang='lat' dir='ltr'><strong>conditum</strong></span> <span class='ocrx_word' id='word_1_360' title='bbox 1624 4823 1775 4879; x_wconf 91' lang='lat' dir='ltr'><strong>erat.</strong></span> <span class='ocrx_word' id='word_1_361' title='bbox 1802 4818 2062 4880; x_wconf 86' lang='lat' dir='ltr'><strong>Rufinus</strong></span> <span class='ocrx_word' id='word_1_362' title='bbox 2092 4820 2284 4901; x_wconf 88' lang='lat' dir='ltr'><strong>(Hist.</strong></span> <span class='ocrx_word' id='word_1_363' title='bbox 2325 4821 2472 4881; x_wconf 85' lang='lat' dir='ltr'><strong>eccl.</strong></span> <span class='ocrx_word' id='word_1_364' title='bbox 2513 4821 2557 4881; x_wconf 90' lang='lat'><strong>1.</strong></span> <span class='ocrx_word' id='word_1_365' title='bbox 2599 4821 2683 4896; x_wconf 91' lang='lat' dir='ltr'><strong>X,</strong></span> <span class='ocrx_word' id='word_1_366' title='bbox 2726 4841 2777 4882; x_wconf 95' lang='lat' dir='ltr'><strong>c.</strong></span> <span class='ocrx_word' id='word_1_367' title='bbox 2820 4822 2884 4902; x_wconf 89' lang='lat'><strong>8)</strong></span> <span class='ocrx_word' id='word_1_368' title='bbox 2926 4831 3139 4883; x_wconf 88' lang='lat' dir='ltr'><strong>narrat</strong></span> <span class='ocrx_word' id='word_1_369' title='bbox 3176 4822 3480 4885; x_wconf 88' lang='lat' dir='ltr'><strong>Helenam</strong></span> 
     </span>
    </p>
   </div>
   <div class='ocr_carea' id='block_1_6' title="bbox 611 4915 3486 5288">
    <p class='ocr_par' dir='ltr' id='par_1_6' title="bbox 611 4915 3486 5288">
     <span class='ocr_line' id='line_1_36' title="bbox 611 4915 3480 4997; baseline 0.002 -20"><span class='ocrx_word' id='word_1_370' title='bbox 611 4915 772 4994; x_wconf 81' lang='lat' dir='ltr'><strong>ligni</strong></span> <span class='ocrx_word' id='word_1_371' title='bbox 811 4916 1099 4977; x_wconf 89' lang='lat' dir='ltr'><strong>salutaris</strong></span> <span class='ocrx_word' id='word_1_372' title='bbox 1139 4923 1379 4995; x_wconf 89' lang='lat' dir='ltr'><strong>partem</strong></span> <span class='ocrx_word' id='word_1_373' title='bbox 1406 4936 1555 4977; x_wconf 85' lang='lat' dir='ltr'><strong>vero</strong></span> <span class='ocrx_word' id='word_1_374' title='bbox 1583 4916 1783 4978; x_wconf 82' lang='lat' dir='ltr'><strong>thecis</strong></span> <span class='ocrx_word' id='word_1_375' title='bbox 1811 4918 2128 4995; x_wconf 87' lang='lat' dir='ltr'><strong>argenteis</strong></span> <span class='ocrx_word' id='word_1_376' title='bbox 2169 4918 2482 4979; x_wconf 88' lang='lat' dir='ltr'><strong>conditam</strong></span> <span class='ocrx_word' id='word_1_377' title='bbox 2510 4917 2914 4997; x_wconf 90' lang='lat' dir='ltr'><strong>dereliquisse</strong></span> <span class='ocrx_word' id='word_1_378' title='bbox 2943 4920 3008 4980; x_wconf 90' lang='lat' dir='ltr'><strong>in</strong></span> <span class='ocrx_word' id='word_1_379' title='bbox 3033 4919 3200 4982; x_wconf 89' lang='lat' dir='ltr'><strong>loco:</strong></span> <span class='ocrx_word' id='word_1_380' title='bbox 3237 4922 3480 4984; x_wconf 87' lang='lat' dir='ltr'><strong>saeculo</strong></span> 
     </span>
     <span class='ocr_line' id='line_1_37' title="bbox 615 5013 3486 5097; baseline 0.002 -23"><span class='ocrx_word' id='word_1_381' title='bbox 615 5015 831 5093; x_wconf 90' lang='lat' dir='ltr'><strong>quinto</strong></span> <span class='ocrx_word' id='word_1_382' title='bbox 871 5014 1124 5075; x_wconf 88' lang='lat' dir='ltr'><strong>ineunte</strong></span> <span class='ocrx_word' id='word_1_383' title='bbox 1164 5014 1226 5074; x_wconf 93' lang='lat' dir='ltr'><strong>S.</strong></span> <span class='ocrx_word' id='word_1_384' title='bbox 1268 5013 1650 5093; x_wconf 87' lang='lat' dir='ltr'><strong>Porphyrius</strong></span> <span class='ocrx_word' id='word_1_385' title='bbox 1693 5013 2019 5094; x_wconf 90' lang='lat' dir='ltr'><strong>episcopus</strong></span> <span class='ocrx_word' id='word_1_386' title='bbox 2047 5015 2364 5093; x_wconf 84' lang='lat' dir='ltr'><strong>Gazensis,</strong></span> <span class='ocrx_word' id='word_1_387' title='bbox 2392 5015 2496 5093; x_wconf 91' lang='lat' dir='ltr'><strong>qui</strong></span> <span class='ocrx_word' id='word_1_388' title='bbox 2538 5023 2682 5077; x_wconf 88' lang='lat' dir='ltr'><strong>ante</strong></span> <span class='ocrx_word' id='word_1_389' title='bbox 2724 5016 3072 5097; x_wconf 87' lang='lat' dir='ltr'><strong>episcopale</strong></span> <span class='ocrx_word' id='word_1_390' title='bbox 3113 5038 3334 5079; x_wconf 90' lang='lat' dir='ltr'><strong>munus</strong></span> <span class='ocrx_word' id='word_1_391' title='bbox 3359 5017 3486 5079; x_wconf 88' lang='lat' dir='ltr'><strong>fuit</strong></span> 
     </span>
     <span class='ocr_line' id='line_1_38' title="bbox 614 5097 3485 5199; baseline 0.002 -29"><span class='ocrx_word' id='word_1_392' title='bbox 614 5108 1066 5189; x_wconf 86' lang='lat' dir='ltr'><strong>Hierosolymis</strong></span> <span class='ocrx_word' id='word_1_393' title='bbox 1108 5103 1563 5199; x_wconf 80' lang='grc' dir='ltr'>σταυροφύλαξ,</span> <span class='ocrx_word' id='word_1_394' title='bbox 1587 5110 1869 5188; x_wconf 88' lang='lat' dir='ltr'><strong>reposuit</strong></span> <span class='ocrx_word' id='word_1_395' title='bbox 1887 5097 1955 5170; x_wconf 91' lang='lat' dir='ltr'><strong>in</strong></span> <span class='ocrx_word' id='word_1_396' title='bbox 1979 5131 2166 5172; x_wconf 89' lang='lat' dir='ltr'><strong>aurea</strong></span> <span class='ocrx_word' id='word_1_397' title='bbox 2191 5111 2374 5172; x_wconf 89' lang='lat' dir='ltr'><strong>theca</strong></span> <span class='ocrx_word' id='word_1_398' title='bbox 2400 5112 2814 5174; x_wconf 84' lang='lat' dir='ltr'><strong>venerandam</strong></span> <span class='ocrx_word' id='word_1_399' title='bbox 2845 5113 3120 5193; x_wconf 87' lang='lat' dir='ltr'><strong>Crucem,</strong></span> <span class='ocrx_word' id='word_1_400' title='bbox 3152 5116 3485 5195; x_wconf 85' lang='lat' dir='ltr'><strong>(Metaphr.</strong></span> 
     </span>
     <span class='ocr_line' id='line_1_39' title="bbox 616 5204 3486 5288; baseline 0.001 -19"><span class='ocrx_word' id='word_1_401' title='bbox 616 5208 656 5269; x_wconf 80' lang='lat'>6</span> <span class='ocrx_word' id='word_1_402' title='bbox 681 5207 889 5288; x_wconf 81' lang='lat' dir='ltr'><strong>Febr.)</strong></span> <span class='ocrx_word' id='word_1_403' title='bbox 920 5208 1016 5268; x_wconf 82' lang='lat' dir='ltr'><strong>Ex</strong></span> <span class='ocrx_word' id='word_1_404' title='bbox 1040 5207 1364 5269; x_wconf 88' lang='lat' dir='ltr'><strong>Breviario</strong></span> <span class='ocrx_word' id='word_1_405' title='bbox 1392 5204 1473 5267; x_wconf 91' lang='lat' dir='ltr'><strong>de</strong></span> <span class='ocrx_word' id='word_1_406' title='bbox 1500 5206 1934 5286; x_wconf 90' lang='lat' dir='ltr'><strong>Hierosolyma</strong></span> <span class='ocrx_word' id='word_1_407' title='bbox 1974 5213 2157 5284; x_wconf 87' lang='lat' dir='ltr'><strong>atque</strong></span> <span class='ocrx_word' id='word_1_408' title='bbox 2184 5207 2535 5269; x_wconf 83' lang='lat' dir='ltr'><strong>Theodosio</strong></span> <span class='ocrx_word' id='word_1_409' title='bbox 2559 5208 2936 5270; x_wconf 88' lang='lat' dir='ltr'><strong>addiscimus</strong></span> <span class='ocrx_word' id='word_1_410' title='bbox 2967 5210 3186 5271; x_wconf 90' lang='lat' dir='ltr'><strong>Crucis</strong></span> <span class='ocrx_word' id='word_1_411' title='bbox 3221 5211 3486 5273; x_wconf 90' lang='lat' dir='ltr'><strong>loculum</strong></span> 
     </span>
    </p>
   </div>
   <div class='ocr_carea' id='block_1_7' title="bbox 618 5304 3492 5488">
    <p class='ocr_par' dir='ltr' id='par_1_7' title="bbox 618 5304 3492 5488">
     <span class='ocr_line' id='line_1_40' title="bbox 622 5304 3488 5390; baseline 0.002 -23"><span class='ocrx_word' id='word_1_412' title='bbox 622 5323 696 5367; x_wconf 91' lang='lat' dir='ltr'><strong>eo</strong></span> <span class='ocrx_word' id='word_1_413' title='bbox 736 5310 1012 5385; x_wconf 87' lang='lat' dir='ltr'><strong>tempore</strong></span> <span class='ocrx_word' id='word_1_414' title='bbox 1041 5307 1225 5388; x_wconf 87' lang='lat' dir='ltr'><strong>(anno</strong></span> <span class='ocrx_word' id='word_1_415' title='bbox 1253 5304 1395 5366; x_wconf 91' lang='lat' dir='ltr'><strong>circ.</strong></span> <span class='ocrx_word' id='word_1_416' title='bbox 1425 5305 1567 5385; x_wconf 81' lang='lat'>530)</span> <span class='ocrx_word' id='word_1_417' title='bbox 1597 5324 1743 5366; x_wconf 89' lang='lat' dir='ltr'><strong>auro</strong></span> <span class='ocrx_word' id='word_1_418' title='bbox 1774 5312 1839 5368; x_wconf 87' lang='lat' dir='ltr'><strong>et</strong></span> <span class='ocrx_word' id='word_1_419' title='bbox 1866 5307 2128 5384; x_wconf 86' lang='lat' dir='ltr'><strong>gemmis</strong></span> <span class='ocrx_word' id='word_1_420' title='bbox 2156 5314 2515 5368; x_wconf 84' lang='lat' dir='ltr'><strong>exornatum</strong></span> <span class='ocrx_word' id='word_1_421' title='bbox 2541 5305 2761 5370; x_wconf 87' lang='lat' dir='ltr'><strong>fuisse.</strong></span> <span class='ocrx_word' id='word_1_422' title='bbox 2792 5307 2935 5388; x_wconf 85' lang='lat' dir='ltr'><strong>Sed,</strong></span> <span class='ocrx_word' id='word_1_423' title='bbox 2964 5309 3128 5388; x_wconf 91' lang='lat' dir='ltr'><strong>quod</strong></span> <span class='ocrx_word' id='word_1_424' title='bbox 3158 5317 3343 5390; x_wconf 88' lang='lat' dir='ltr'><strong>caput</strong></span> <span class='ocrx_word' id='word_1_425' title='bbox 3372 5317 3488 5389; x_wconf 86' lang='lat' dir='ltr'><strong>est,</strong></span> 
     </span>
     <span class='ocr_line' id='line_1_41' title="bbox 618 5401 3492 5488; baseline 0.002 -23"><span class='ocrx_word' id='word_1_426' title='bbox 618 5401 723 5480; x_wconf 82' lang='lat' dir='ltr'><strong>qui</strong></span> <span class='ocrx_word' id='word_1_427' title='bbox 747 5410 918 5465; x_wconf 88' lang='lat' dir='ltr'><strong>esset</strong></span> <span class='ocrx_word' id='word_1_428' title='bbox 940 5403 1101 5465; x_wconf 85' lang='lat' dir='ltr'><strong>ritus</strong></span> <span class='ocrx_word' id='word_1_429' title='bbox 1129 5401 1347 5465; x_wconf 86' lang='lat' dir='ltr'><strong>Crucis</strong></span> <span class='ocrx_word' id='word_1_430' title='bbox 1387 5401 1735 5464; x_wconf 86' lang='lat' dir='ltr'><strong>adorandae</strong></span> <span class='ocrx_word' id='word_1_431' title='bbox 1776 5404 2025 5465; x_wconf 83' lang='lat' dir='ltr'><strong>saeculo</strong></span> <span class='ocrx_word' id='word_1_432' title='bbox 2065 5411 2302 5484; x_wconf 86' lang='lat' dir='ltr'><strong>quarto,</strong></span> <span class='ocrx_word' id='word_1_433' title='bbox 2324 5405 2442 5467; x_wconf 92' lang='lat' dir='ltr'><strong>hoc</strong></span> <span class='ocrx_word' id='word_1_434' title='bbox 2467 5405 2602 5468; x_wconf 93' lang='lat' dir='ltr'><strong>loco</strong></span> <span class='ocrx_word' id='word_1_435' title='bbox 2632 5407 2953 5469; x_wconf 85' lang='lat' dir='ltr'><strong>docemur:</strong></span> <span class='ocrx_word' id='word_1_436' title='bbox 2986 5407 3067 5471; x_wconf 88' lang='lat' dir='ltr'><strong>de</strong></span> <span class='ocrx_word' id='word_1_437' title='bbox 3094 5427 3216 5488; x_wconf 88' lang='lat' dir='ltr'><strong>quo</strong></span> <span class='ocrx_word' id='word_1_438' title='bbox 3245 5415 3311 5471; x_wconf 86' lang='lat' dir='ltr'><strong>et</strong></span> <span class='ocrx_word' id='word_1_439' title='bbox 3334 5408 3492 5470; x_wconf 89' lang='lat' dir='ltr'><strong>Pau·</strong></span> 
     </span>
    </p>
   </div>
   <div class='ocr_carea' id='block_1_8' title="bbox 620 5497 3492 5588">
    <p class='ocr_par' dir='ltr' id='par_1_8' title="bbox 620 5497 3492 5588">
     <span class='ocr_line' id='line_1_42' title="bbox 620 5497 3492 5588; baseline 0.003 -29"><span class='ocrx_word' id='word_1_440' title='bbox 620 5497 786 5560; x_wconf 79' lang='lat' dir='ltr'><strong>linus</strong></span> <span class='ocrx_word' id='word_1_441' title='bbox 823 5497 904 5560; x_wconf 91' lang='lat' dir='ltr'><strong>ad</strong></span> <span class='ocrx_word' id='word_1_442' title='bbox 943 5498 1245 5564; x_wconf 85' lang='lat' dir='ltr'><strong>Severum</strong></span> <span class='ocrx_word' id='word_1_443' title='bbox 1284 5497 1538 5578; x_wconf 84' lang='lat' dir='ltr'><strong>scripsit</strong></span> <span class='ocrx_word' id='word_1_444' title='bbox 1579 5497 1722 5579; x_wconf 81' lang='lat' dir='ltr'><strong>(Ep.</strong></span> <span class='ocrx_word' id='word_1_445' title='bbox 1763 5498 1890 5580; x_wconf 90' lang='lat' dir='ltr'><strong>XI)</strong></span> <span class='ocrx_word' id='word_1_446' title='bbox 1933 5521 2011 5564; x_wconf 86' lang='lat' dir='ltr'><strong>ex</strong></span> <span class='ocrx_word' id='word_1_447' title='bbox 2046 5502 2251 5565; x_wconf 86' lang='lat' dir='ltr'><strong>relatu</strong></span> <span class='ocrx_word' id='word_1_448' title='bbox 2288 5501 2602 5566; x_wconf 82' lang='lat' dir='ltr'><strong>Melaniae</strong></span> <span class='ocrx_word' id='word_1_449' title='bbox 2640 5503 3097 5585; x_wconf 85' lang='lat' dir='ltr'><strong>Hierosolymis</strong></span> <span class='ocrx_word' id='word_1_450' title='bbox 3139 5505 3492 5588; x_wconf 69' lang='lat' dir='ltr'><strong>jredeuntis.</strong></span> 
     </span>
    </p>
   </div>
  </div>
 </body>
</html>
