4642 6650
1061 2608 1131 2663 17

1214 719 1238 782 1
1260 717 1298 781 8
2477 733 2527 778 0.
2578 731 2836 777 munit

1363 957 1728 1052 Magnum
1784 959 1903 1031 est
1954 955 2035 1028 in
2072 954 2213 1047 his,
2254 976 2452 1050 quae
2488 955 2627 1029 sub
2666 936 3119 1050 patriarchis
3157 958 3374 1051 gesta
3426 958 3631 1047 sunt,
3672 956 3786 1030 ita
3830 979 4080 1031 rerum

1202 1074 1607 1158 effectum¹
1670 1081 2065 1171 contineri,
2121 1083 2215 1153 ut
2268 1080 2462 1154 nihil
2518 1079 2662 1154 sibi
2699 1079 2779 1153 in
2832 1079 2974 1170 his,
3044 1102 3240 1175 quae
3295 1083 3561 1175 postea
3615 1081 3698 1155 in
3754 1081 4081 1157 Domino

1200 1209 1505 1304 expleta
1560 1211 1765 1299 sunt,
1823 1230 1959 1282 nec
2012 1207 2178 1280 loco
2234 1227 2373 1280 nec
2426 1208 2770 1301 tempore
2824 1226 2963 1279 nec
3018 1205 3319 1280 ratione
3378 1205 3766 1280 dissideat.
3826 1206 3916 1279 In
3988 1228 4079 1281 eo

1200 1337 1403 1407 enim
1459 1331 1856 1407 absolutae
1910 1332 2265 1407 veritatis
2325 1332 2643 1427 speciem
2686 1330 3020 1404 imitatio
3076 1330 3490 1424 praemissa
3545 1331 4077 1426 consequitur;

1199 1459 1280 1533 et
1332 1460 1730 1553 tamquam
1783 1457 2036 1552 imago
2075 1457 2239 1531 eius
2275 1447 2304 1489 ²
2370 1455 2684 1547 formae,
2754 1456 2969 1529 cuius
3026 1458 3143 1530 est
3197 1456 3527 1546 aemula,
3568 1459 4075 1550 comparatur.

1200 1581 1431 1655 Gesta
1484 1603 1815 1677 namque
1870 1582 2014 1656 sibi
2068 1582 2233 1676 ipsa
2291 1581 2599 1677 quidem
2654 1582 2940 1657 veritas
2993 1583 3138 1674 est,
3188 1580 3606 1656 secundum
3658 1582 3862 1656 enirn
3915 1603 4075 1656 cor·

1195 1709 1494 1803 porales
1552 1708 1992 1784 efficientias
2047 1709 2463 1809 agebatur;
2522 1706 2656 1782 sed
2728 1707 2893 1803 ipsa
2963 1704 3102 1781 illa
3179 1707 3695 1781 humanorum
3764 1710 4088 1803 actuum'

1193 1831 1481 1906 veritas
1536 1832 1842 1908 divinae
1896 1836 2066 1907 erat
2122 1832 2588 1928 operationis
2655 1831 3018 1925 imitatio,
3077 1835 3159 1908 et
3233 1831 3375 1907 hoc
3448 1832 3546 1906 ad
3602 1853 3862 1907 veram
3917 1832 4078 1928 spei

1193 1948 1500 2032 nostrae
1556 1981 1643 2033 ac
1697 1958 1872 2033 fidei
1929 1958 2437 2033 eruditionem
2492 1958 2607 2032 ita
2663 1957 2923 2050 fiebat,
3002 1981 3176 2033 cum
3242 1958 3436 2031 nihil
3494 1959 3572 2033 in
3653 1957 3796 2032 Dei
3846 1958 4072 2032 rebus

1191 2084 1674 2181 reperiretur,
1708 2084 1912 2181 quod
1965 2108 2118 2159 non
2157 2088 2558 2180 tamquam
2596 2084 3242 2181 praemeditatum
3299 2089 3530 2161 antea
3566 2085 3648 2158 in
3700 2087 3881 2181 ipsis
3935 2086 4072 2159 ho-

1188 2211 1483 2283 minum
1539 2214 1619 2286 et
1673 2211 2060 2285 aetatibus
2115 2214 2195 2284 et
2250 2210 2588 2285 moribus
2646 2212 2727 2284 et
2801 2210 3194 2285 effectibus
3272 2214 3730 2286 cerneretur.
3791 2211 4065 2296 Quam·

1189 2357 1418 2428 quam
1449 2335 1652 2410 enim
1680 2335 1888 2410 omni
1917 2334 2304 2430 superiore
2337 2355 2682 2409 sermone
2716 2337 3105 2409 ostensum
3137 2334 3240 2408 sit
3275 2357 3509 2429 usque
3547 2334 3645 2408 ad
3683 2356 4066 2429 egressum

1186 2460 1448 2554 populi
1504 2481 1599 2533 ex
1652 2460 2027 2555 AegyptO,
2085 2460 2336 2556 Moysi
2390 2462 2606 2555 gesta
2659 2480 2831 2532 cum
2890 2459 3123 2553 gestis
3178 2462 3319 2533 aut
3394 2460 3473 2531 in
3543 2458 3869 2532 Domino
3924 2461 4067 2531 aut

1187 2606 1320 2679 per
1374 2585 1787 2659 Dominum
1844 2586 2286 2661 convenire:
2327 2590 2591 2660 tamen
2646 2587 2882 2661 etiarn
2937 2608 3139 2660 nunc
3188 2581 3200 2684 Ι
3248 2606 3652 2681 corporeae
3715 2584 4068 2659 veritatis

1183 2708 1519 2784 imitatio
1593 2712 2014 2807 spiritualis
2086 2711 2550 2786 adnectitur.
2620 2710 2711 2783 In
2788 2711 3087 2786 deserto
3155 2714 3415 2785 autem
3483 2710 3807 2806 populus
3873 2709 4068 2783 sitiit

1183 2857 1424 2929 aqua:
1483 2859 1746 2911 amara
1800 2840 1958 2912 est:
2001 2860 2352 2910 murmur
2406 2838 2487 2909 in
2526 2836 2796 2911 ducem
2834 2839 2974 2927 est,
3027 2836 3321 2931 lignum
3373 2834 3854 2922 ostenditur;
3913 2835 4066 2907 tin·

1180 2961 1463 3054 ctuque
1519 2960 1682 3034 eius
1738 2984 1941 3056 aqua
1978 2960 2217 3035 dulcis
2256 2959 2608 3052 efficitur,
2651 2963 2730 3034 et
2766 2961 2848 3033 in
2886 2981 2976 3036 eo
3003 2961 3089 3033 et
3117 2954 3600 3049 iustificatio,
3642 2961 3723 3033 et
3758 2957 4062 3048 iudicia,

1182 3086 1262 3157 et
1297 3085 1707 3180 temptatio
1747 3085 2205 3160 decernitur.
2238 3085 2499 3182 Atque
2528 3085 2798 3161 exinde
2829 3085 2925 3159 ad
2954 3084 3355 3159 duodecim
3387 3085 3638 3160 fontes
3689 3106 4064 3179 aquarum

1108 3224 1125 3243 ·
1179 3210 1260 3282 et
1285 3211 1774 3304 septuaginta
1801 3212 2110 3286 arbores
2138 3212 2570 3308 palmarum
2600 3210 2932 3303 venitur,
2964 3214 3044 3286 et
3073 3210 3277 3305 apud
3332 3233 3570 3307 aquas
3613 3209 4056 3284 considitur.

1178 3334 1561 3409 Avertant
1616 3336 1797 3411 licet
1849 3340 2144 3412 mentes
2218 3338 2478 3411 studia
2542 3338 3083 3429 obnitentium,
3150 3339 3233 3410 et
3302 3336 3724 3412 infidelium
3788 3358 3998 3411 error
4033 3324 4062 3370 ³

1176 3459 1738 3536 inobedientiae
1775 3462 1986 3537 obice
2022 3484 2330 3537 sensum
2358 3454 2385 3496 ⁴
2414 3462 2973 3558 intelligentiae
3012 3484 3193 3536 suae
3234 3462 3557 3552 obseret,
3596 3483 3751 3535 non
3797 3464 4060 3535 tamen

1175 3587 1381 3659 tanti
1434 3588 1680 3682 operis
1719 3591 2084 3683 poterunt
2120 3588 2473 3683 ignorare
2511 3590 2906 3664 virtutem.
2947 3587 3144 3674 Quid
3191 3588 3396 3662 enim
3432 3588 3514 3660 in
3568 3609 3648 3662 se
3693 3586 4061 3662 momenti

1172 3710 1468 3807 lignum
1540 3713 1914 3805 habebat,
1992 3736 2321 3809 quamve
2396 3713 2810 3788 efficaciam
2884 3714 2966 3786 in
3040 3735 3123 3787 re
3192 3713 3553 3787 materies
3627 3712 3708 3785 10
3783 3712 4058 3786 animis

1172 3837 1637 3928 continebat,
1679 3840 1770 3911 ut
1824 3838 2420 3913 amaritudinem
2485 3837 2828 3914 aboleret
2862 3830 2913 3930 ⁵,
2989 3841 3076 3913 ut
3140 3838 3614 3912 dulcedinem
3678 3836 4053 3932 gigneret,

1174 3963 1265 4034 ut
1315 3965 1679 4036 naturam
1733 3967 1813 4038 et
1865 3964 2286 4054 inveheret,
2345 3967 2427 4038 et
2483 3963 2848 4056 auferret,
2889 3963 3072 4038 dum
3109 3963 3211 4055 id,
3254 3962 3460 4059 quod
3512 3961 3737 4037 triste
3775 3962 4047 4036 abhor-

1170 4087 1391 4161 rebat
1424 4078 1483 4188 ⁶‚⁴
1543 4088 1760 4163 dulce
1835 4089 2215 4163 sentitur?
2291 4088 2393 4161 Et
2466 4090 2647 4184 quia
2715 4089 2796 4163 in
2865 4111 2978 4181 e0,
3053 4088 3255 4184 quod
3328 4088 3427 4162 ad
3500 4108 3855 4184 praesens
3925 4109 4050 4184 ge·

1167 4213 1506 4305 rebatur,
1565 4213 1977 4289 efficientia
2031 4218 2150 4289 est
2203 4214 2520 4290 virtutis
2574 4214 2739 4306 Dei,
2797 4216 2878 4288 in
2935 4213 3145 4287 aliud
3220 4216 3581 4287 naturam
3656 4234 3746 4286 ex
3801 4213 4047 4286 altero

1166 4338 1738 4415 transferentis:
1796 4342 2061 4414 tamen
2126 4362 2280 4413 non
2353 4340 2650 4436 eguisse
2713 4339 2904 4437 ligni
2943 4338 3192 4413 officio
3251 4336 3846 4413 existimandum
3902 4338 4043 4428 est,

1166 4466 1276 4537 ut·
1331 4464 1934 4540 demutationem
2007 4465 2224 4561 aquis
2298 4488 2453 4540 non
2527 4466 2674 4539 nisi
2739 4466 2900 4540 eius
2976 4464 3511 4540 intercessione
3585 4464 4042 4559 praestaret.

1166 4588 1451 4663 Verum
1479 4591 1661 4685 0010
1690 4590 1945 4664 omnia
1973 4590 2179 4666 Deus
2207 4593 2540 4685 poterat,
2574 4613 2936 4665 arcanum
2964 4583 2989 4625 ⁷
3021 4589 3488 4685 operationis
3527 4587 3633 4662 sic
3670 4589 3751 4661 in
3789 4610 3990 4683 aqua
4018 4577 4045 4622 ⁸

1164 4719 1664 4807 reservatum,
1696 4718 2014 4791 molitur
2041 4717 2122 4790 in
2151 4738 2534 4814 praesens.
2567 4716 2860 4812 Populo
2901 4737 3234 4811 namque
3265 4716 3345 4788 in
3375 4715 3673 4789 deserto
3712 4712 4047 4788 moranti

1166 4863 1368 4936 aqua
1420 4841 1719 4916 inutilis
1754 4845 1921 4917 erat
1949 4833 1999 4932 ⁹3
2040 4846 2122 4917 et
2176 4842 2483 4937 quidem
2535 4843 2851 4939 populos
2906 4863 3043 4937 pro
3101 4843 3320 4937 aquis
3376 4861 3600 4936 saepe
3654 4859 4044 4933 nuncupa-

1164 4969 1286 5040 tos
1322 4967 1766 5064 reperimus,
1807 4988 1981 5041 cum
2018 4967 2299 5042 dicitur
2326 4957 2401 5039 ¹⁰:
2452 4970 2484 5002 “
2532 4965 2912 5040 Viderunt
2936 4970 3018 5041 te
3056 4987 3324 5061 aquae,
3367 4965 3570 5040 Deus
3608 5019 3639 5052 „
3676 4986 3692 5037 :
3735 4966 3817 5038 et
3881 4985 4051 5036 rur-

1324 5216 1343 5250 ¹
1376 5204 1733 5271 effectarum
1774 5197 1848 5255 ’-
1896 5215 1919 5250 ¹
1947 5208 2119 5271 cuius
2154 5244 2221 5257 -
2253 5215 2275 5249 ⁸
2304 5207 2523 5270 horror
2554 5242 2637 5255 --
2664 5218 2684 5251 ⁴
2719 5228 2940 5271 000000
2968 5242 3051 5255 --
3078 5216 3100 5249 ⁶
3131 5207 3409 5269 avoleret
3434 5213 3516 5252 :-
3543 5214 3566 5248 0
3597 5205 3928 5268 aboi-rebat
3965 5237 4048 5251 —-

1163 5312 1185 5347 ⁹
1230 5306 1558 5369 archanum
1602 5343 1672 5354 —
1721 5316 1744 5349 ⁸
1786 5306 1937 5369 God.
1977 5306 2198 5369 habet:
2246 5306 2312 5368 in
2360 5315 2493 5386 ap‘a.
2547 5308 2861 5370 Incertum
2902 5306 3072 5386 mihi,
3117 5305 3265 5384 quid
3297 5289 3431 5366 'sibi
3474 5303 3633 5367 velit
3670 5338 3753 5351 --
3794 5313 3817 5347 ⁹
3859 5302 4048 5364 Intel-

1160 5402 1322 5483 lige:
1363 5405 1537 5484 potui
1578 5412 1724 5486 apta
1761 5427 1884 5468 non
1927 5411 2064 5467 erat
2105 5439 2177 5452 -
2234 5414 2281 5447 ¹⁰
2323 5405 2555 5467 Psalm.
2612 5405 2913 5468 LXXVI.
2955 5406 3052 5466 De
3094 5403 3284 5465 simili
3333 5402 3844 5481 interpretatione
3898 5399 4045 5462 vide

1163 5503 1224 5564 S.
1252 5503 1559 5564 Hilarium
1597 5504 1661 5564 in
1689 5505 1905 5567 Enarr.
1933 5503 2000 5565 in
2024 5503 2257 5566 Psalm.
2285 5503 2520 5584 LXVI,
2553 5509 2617 5566 et
2643 5504 2751 5566 Ps.
2780 5503 3015 5583 XLVI,
3046 5504 3117 5563 2:
3177 5525 3209 5561 ‹
3236 5502 3464 5564 Omnes
3504 5507 3724 5581 gentos
3764 5499 4043 5592 plaudite

1159 5601 1440 5664 manibus
1463 5626 1495 5662 ι»
1541 5602 1710 5681 vulg.
