4642 6650
1514 793 1604 838 An
1650 791 1820 838 noos
1868 789 2122 837 smum
2169 789 2277 835 Au.
2325 793 2523 842 885-880
3366 770 3453 840 91

743 1014 953 1090 Hora
1006 1035 1186 1108 ergo
1241 1011 1567 1108 septima
1621 1010 1865 1084 omnis
1919 1008 2242 1105 populus
2299 1007 2654 1083 ascendet
2708 1009 2788 1080 in
2839 1011 3104 1083 monte
3152 1007 3452 1096 oliveti,

585 1141 663 1214 id
717 1142 836 1214 est
889 1139 971 1211 in
1024 1137 1349 1210 Eleona:
1407 1137 1487 1210 in
1541 1135 1852 1210 ecclesia
1906 1133 2120 1208 sedet
2173 1135 2604 1227 episcopus:
2662 1132 3025 1208 dicuntur
3092 1134 3308 1230 ymni
3374 1134 3462 1208 et

588 1265 1053 1360 antiphonae
1108 1265 1286 1357 apte
1340 1261 1493 1334 diei
1545 1260 1689 1355 ipsi
1741 1259 1866 1335 vel
1918 1259 2121 1334 loco:
2178 1258 2544 1333 lectiones
2600 1258 2837 1332 etiam
2901 1259 3274 1334 similiter.
3356 1258 3459 1332 Et

589 1412 761 1465 cum
815 1386 1101 1482 ceperit
1153 1406 1232 1459 se
1288 1384 1534 1458 facere
1580 1384 1770 1457 hora
1805 1403 2031 1473 nona,
2070 1383 2376 1455 subitur
2412 1402 2586 1455 cum
2623 1380 2874 1478 ymnis
2911 1381 2991 1454 iu
3029 1382 3455 1473 Imbomon,

587 1514 664 1588 id
693 1515 812 1588 est
847 1513 929 1585 in
964 1531 1053 1586 eo
1091 1511 1282 1599 loco,
1318 1509 1407 1584 de
1443 1530 1595 1605 quo
1635 1508 1979 1584 ascendit
2014 1507 2387 1580 Dominus
2424 1507 2504 1579 in
2542 1498 2830 1596 coelis¹,
2864 1509 2944 1582 et
2980 1506 3089 1580 ibi
3124 1507 3461 1580 seditur:

591 1660 769 1711 nam
809 1633 1055 1710 omnis
1092 1633 1440 1729 populus,
1479 1653 1773 1727 semper
1808 1633 2156 1726 presente
2193 1629 2561 1724 episcopo,
2601 1629 2913 1703 iubetur
2949 1628 3246 1717 sedere:
3278 1632 3455 1703 tan-

591 1765 763 1836 tum
815 1757 1016 1854 quod
1074 1756 1423 1831 diacones
1478 1758 1689 1830 stant
1743 1777 2061 1851 semper.
2119 1754 2499 1829 Dicuntur
2552 1756 2633 1828 et
2686 1753 2795 1827 ibi
2848 1753 3063 1850 ymni
3125 1754 3251 1828 vel
3318 1777 3462 1827 an-

591 1885 956 1981 tiphonae
1011 1885 1238 1978 aptae
1291 1882 1456 1955 loco
1511 1882 1654 1954 aut
1706 1879 1892 1954 diei:
1950 1878 2304 1952 similiter
2376 1881 2459 1951 et
2528 1877 2889 1952 lectiones
2954 1877 3462 1972 interpositae

597 2016 677 2088 et
730 2011 1138 2085 orationes.
1195 2007 1450 2080 Etiam
1507 2028 1680 2080 cum
1736 2006 2024 2101 ceperit
2074 2025 2236 2079 esse
2290 2004 2481 2077 hora
2525 2002 2947 2094 undecima,
2987 2002 3273 2099 legitur
3328 2002 3461 2077 ille

598 2139 809 2213 locus
862 2135 957 2210 de
1011 2132 1430 2228 evangelio,
1487 2131 1621 2204 ubi
1674 2131 2007 2207 infantes
2064 2152 2237 2204 cum
2291 2132 2524 2203 ramis
2586 2129 2709 2203 vel
2782 2129 3055 2224 palmis
3128 2150 3470 2204 occurre-

599 2263 787 2335 runt
812 2259 1162 2348 Domino,
1194 2256 1563 2331 dicentes:
1603 2258 1635 2290 “
1675 2254 2154 2344 Benedictus,
2184 2254 2316 2348 qui
2353 2254 2569 2328 venit
2604 2253 2683 2325 in
2719 2253 3027 2326 nomine
3055 2251 3386 2326 Domini.
3420 2306 3452 2338 ,

601 2386 702 2460 Et
753 2383 1022 2457 statim
1074 2381 1288 2455 levat
1340 2401 1420 2454 se
1474 2379 1898 2475 episcopus,
1966 2381 2048 2453 et
2114 2377 2359 2452 omnis
2431 2376 2753 2473 populus
2828 2398 3051 2471 porro
3122 2375 3301 2451 inde
3373 2375 3467 2450 de

602 2528 899 2583 summo
954 2507 1215 2579 monte
1262 2503 1529 2578 oliveti
1565 2505 1823 2576 totum
1860 2502 2175 2606 pedibuos
2210 2501 2395 2575 itur.
2436 2500 2636 2574 Nam
2671 2503 2886 2574 totus
2923 2500 3247 2596 populus
3283 2501 3465 2574 ante

602 2636 855 2730 ipsum
881 2653 1054 2706 cum
1082 2628 1334 2725 ymnis
1363 2627 1489 2702 vel
1517 2626 1953 2721 antiphonis
1981 2624 2528 2720 respondentes
2557 2646 2892 2719 semper:
2933 2628 2965 2661 ⁰¹
2985 2623 3471 2713 Benedictus,

605 2757 736 2855 qui
791 2755 1010 2830 venit
1060 2753 1141 2827 in
1196 2753 1503 2826 nomine
1558 2749 1885 2824 Domini.
1930 2805 1962 2838 „
2008 2749 2111 2823 Et
2146 2752 2531 2845 quotquot
2566 2751 2750 2822 sunt
2788 2747 3122 2823 infantes
3175 2747 3259 2822 in
3311 2747 3472 2821 his-

607 2882 775 2955 dem
831 2878 1037 2969 locis,
1095 2897 1338 2972 usque
1393 2874 1632 2950 etiam
1687 2873 1819 2970 qui
1872 2872 2188 2969 pedibus
2242 2872 2635 2946 ambulare
2689 2893 2844 2945 non
2899 2874 3240 2966 possunt,
3290 2871 3472 2968 quia

605 3004 851 3080 teneri
904 3004 1108 3092 sunt,
1165 3001 1246 3074 in
1303 3000 1496 3075 collo
1552 2998 1724 3072 illos
1782 2999 2136 3091 parentes
2192 2995 2312 3069 sui
2365 2999 2659 3086 tenent,
2718 3017 2978 3070 omnes
3050 3017 3305 3069 ramos
3358 2997 3477 3069 te·

609 3131 902 3217 nentes,
960 3126 1092 3199 alii
1148 3125 1599 3220 palmarum,
1658 3122 1794 3196 alii
1846 3111 2290 3196 olivarum22
2350 3123 2432 3197 et
2485 3121 2591 3196 sic
2649 3120 3053 3195 deducitur
3089 3122 3482 3217 episcopus

610 3256 692 3330 in
747 3275 837 3330 eo
892 3256 1105 3349 typo,
1164 3271 1315 3346 quo
1368 3251 1556 3322 tunc
1610 3248 1980 3321 Dominus
2019 3246 2388 3321 deductus
2423 3248 2563 3320 est.
2603 3244 2705 3318 Et
2740 3245 2833 3318 de
2883 3266 3179 3319 summo
3216 3247 3478 3319 monte

613 3398 852 3474 usque
909 3375 1008 3451 ad
1061 3375 1479 3463 civitatem,
1538 3374 1619 3448 et
1673 3371 1851 3445 inde
1913 3371 2012 3443 ad
2078 3369 2454 3444 Anastase
2524 3391 2662 3465 per
2732 3371 2984 3444 totam
3057 3368 3477 3460 civitatem,

613 3506 870 3578 totum
923 3499 1282 3596 pedibus:
1340 3496 1584 3572 omnis
1638 3495 1874 3587 sedet,
1931 3495 1997 3570 si
2050 3516 2248 3591 quae
2302 3496 2703 3568 matronae
2756 3496 2971 3584 sunt,
3031 3497 3173 3568 aut
3223 3494 3288 3568 si
3344 3494 3477 3590 qui

619 3625 945 3701 domini:
986 3623 1091 3698 sic
1127 3622 1515 3727 deducunt
1551 3620 1981 3715 episcopum
2018 3617 2587 3713 respondentes,
2627 3619 2711 3693 et
2745 3616 2851 3692 sic
2887 3618 3098 3693 lente
3134 3620 3216 3693 et
3249 3617 3484 3708 lente,

617 3771 716 3825 ne
765 3749 1098 3823 lassetur
1149 3744 1515 3841 populus:
1574 3763 1798 3838 porro
1854 3743 2011 3814 iam
2064 3763 2233 3816 sera
2267 3740 2717 3836 pervenitur
2753 3739 2851 3813 ad
2889 3737 3293 3815 Anastase.
3330 3739 3483 3814 Ubi

620 4022 913 4086 Arculfus
955 4021 1078 4103 (De
1117 4020 1274 4083 locis
1315 4021 1549 4084 sanctis
1587 4021 1631 4082 1.
1671 4023 1725 4101 Ι,
1767 4022 1904 4102 25):
1951 4044 1984 4079 ‹
2007 4021 2105 4082 De
2147 4020 2270 4083 alia
2311 4016 2654 4082 celebriore
2696 4017 2961 4080 ecclesia
3020 4017 3101 4079 ad
3157 4018 3493 4080 australem

622 4119 970 4184 Bethaniae
1003 4125 1243 4198 partem
1281 4118 1347 4180 in
1389 4137 1462 4181 eo
1500 4119 1729 4181 montis
1773 4118 2010 4180 Oliveti
2049 4118 2185 4180 loco
2224 4116 2503 4196 fundata,
2544 4115 2611 4177 in
2651 4134 2772 4193 quo
2810 4113 3116 4177 Dominus
3170 4114 3253 4177 ad
3293 4114 3494 4178 disci-

621 4218 804 4300 pulos
841 4217 1137 4289 habuisse
1179 4235 1523 4278 sermonem
1562 4215 1794 4278 dicitur
1813 4239 1870 4277 ν.

785 4315 805 4351 ¹
835 4313 1068 4376 Montis
1111 4313 1346 4377 Oliveti
1385 4313 1726 4393 summitas,
1767 4332 1925 4393 quae
1964 4319 2220 4393 propter
2271 4309 2524 4374 Domini
2573 4309 2999 4374 ascensionem
3036 4309 3117 4372 ad
3156 4308 3362 4373 caelos
3403 4329 3497 4372 sa-

626 4418 945 4477 crosancta
969 4411 1185 4473 habita
1212 4416 1330 4489 est,
1368 4412 1721 4491 vocabatur,
1749 4419 1823 4472 ut
1859 4411 1964 4473 hic
2001 4410 2249 4489 legitur,
2289 4413 2625 4486 Imbomon,
2670 4407 3052 4497 Ἐμβώμιον,
3093 4406 3257 4485 quod
3309 4405 3376 4467 in
3416 4404 3502 4467 al-

626 4510 747 4572 tari
788 4510 893 4572 vel
933 4514 1238 4588 suggestu
1266 4515 1380 4570 est.
1408 4509 1509 4575 Ibi
1536 4526 1776 4588 quoque
1815 4508 2081 4571 ecclesia
2122 4513 2402 4569 extructa
2426 4505 2563 4585 fuit,
2593 4524 2768 4584 quae,
2797 4504 2961 4584 quod
2990 4504 3050 4567 ei
3087 4503 3287 4566 forma
3328 4510 3497 4565 esset

627 4607 908 4686 rotunda,
949 4606 1218 4668 medium
1256 4613 1617 4669 veneratum
1643 4607 1847 4668 locum
1884 4605 2295 4687 pulcherrime
2334 4605 2731 4685 protegebat:
2774 4622 2958 4681 quem
2998 4601 3269 4682 desuper
3308 4606 3498 4663 testu-

629 4707 838 4768 dinem
874 4724 999 4766 non
1037 4703 1351 4783 habuisse,
1394 4704 1508 4768 sed
1547 4704 1872 4784 religionis
1912 4723 2100 4766 causa
2135 4703 2440 4765 mansisse
2480 4701 2596 4762 sub
2637 4700 2761 4780 dio,
2798 4698 3101 4762 traditum
3144 4706 3260 4762 est.
3316 4698 3495 4761 Tem-

626 4823 778 4885 pore
814 4801 1133 4864 Itinerarii
1172 4800 1647 4881 Burdigalensis
1676 4802 1839 4883 (ann.
1870 4801 2013 4882 333)
2058 4819 2193 4862 eam
2235 4798 2561 4861 ecclesiam
2596 4796 2869 4859 nondum
2900 4796 3185 4859 extitisse
3212 4797 3365 4859 haec
3392 4803 3501 4859 te-

629 4907 902 4966 stantur:
948 4923 981 4958 ‹
1001 4899 1160 4961 Inde
1198 4920 1322 4961 non
1361 4900 1546 4979 longe
1583 4905 1689 4969 ,est
1727 4897 2113 4975 monticulus,
2155 4896 2264 4958 ubi
2302 4896 2609 4958 Dominus
2650 4892 2936 4957 ascendit
2975 4913 3170 4974 orare,
3215 4901 3279 4955 et
3319 4915 3503 4975 appa-

628 4998 755 5060 ruit
793 4996 926 5058 illic
962 4996 1218 5076 Moyses
1247 5001 1313 5058 et
1339 4996 1533 5058 Elias.
1558 5019 1589 5055 ι
1634 4997 1782 5057 Mox
1822 4993 2299 5058 Constantinum
2343 4990 2669 5054 ecclesiam
2709 4990 3062 5053 extruxisse
3092 5010 3169 5053 ex
3194 4990 3332 5053 eius
3368 4990 3503 5054 vita

631 5096 710 5157 ab
749 5093 1024 5161 Eusebio
1083 5093 1430 5172 conscripta
1486 5093 1690 5175 (Elog.
1735 5092 1916 5154 Oons.
1957 5112 2008 5153 c.
2052 5092 2115 5173 9)
2159 5088 2603 5168 intelligimus:
2648 5087 2795 5167 quin
2836 5095 3079 5150 extaret
3133 5087 3505 5169 Hieronymi

632 5202 913 5274 tempore
955 5192 1159 5274 (Nom.
1199 5192 1315 5253 loc.
1357 5212 1417 5254 v.
1457 5194 1516 5270 4,
1556 5192 1739 5254 Mons
1781 5190 2061 5272 Oliveti),
2101 5209 2225 5251 non
2268 5194 2369 5251 est
2408 5186 2683 5248 dubium.

793 5289 819 5326 ²
845 5287 1368 5366 Antiquissimum
1407 5288 1473 5349 in
1516 5287 1781 5350 ecclesia
1821 5306 1962 5350 esse
2001 5286 2344 5367 palmarum
2383 5282 2634 5361 festum,
2676 5302 2754 5345 ex
2778 5282 2895 5345 hac
2930 5281 3347 5362 descriptione
3387 5283 3508 5345 ool-

634 5386 884 5464 ligitur:
927 5404 1292 5463 quamquam
1330 5404 1537 5446 rerum
1574 5383 2000 5462 liturgicarum
2041 5382 2230 5463 periti
2272 5401 2414 5443 eum
2452 5379 2640 5440 ritum
2681 5380 2845 5458 apud
2882 5380 3141 5443 Latinos
3192 5379 3506 5443 saeculum

638 5489 939 5561 octavum,
982 5480 1146 5561 apud
1188 5479 1459 5544 Graecos
1499 5479 1779 5559 quintum
1818 5478 2239 5543 antecessisse
2276 5477 2606 5556 negabant.
