4642 6650
1580 731 1665 775 nn
1714 731 2066 776 mrsrnnus
2112 730 2198 774 m·
2246 730 2464 776 urum
3376 711 3459 776 19

584 973 798 1023 sum:
866 953 897 985 “
937 972 1198 1025 omnes
1235 971 1479 1045 aquae
1535 949 1877 1045 plaudite
1932 950 2284 1023 manibus
2323 1005 2387 1036 „.
2445 949 2646 1045 Ergo
2685 950 2845 1025 sive
2898 949 3106 1045 ipsae
3159 972 3293 1046 per
3328 974 3463 1023 na-

588 1079 849 1149 turam
904 1098 1121 1149 suam
1163 1097 1407 1171 aquae
1449 1095 1792 1163 amarae;
1832 1075 1993 1149 sive
2030 1075 2275 1150 omnis
2312 1074 2639 1170 populus
2675 1076 2756 1148 in
2794 1075 3092 1150 deserto
3144 1096 3463 1150 manens

585 1202 666 1274 et
718 1199 1059 1274 nondum
1115 1200 1632 1296 promissionis
1695 1202 1983 1273 terram
2050 1199 2489 1294 adepturus,
2546 1221 2682 1295 per
2745 1201 3462 1289 murmurationem,
3521 1198 3526 1203 ’

586 1348 781 1421 quae
837 1347 931 1401 ex
982 1328 1465 1402 contumacia
1502 1326 1869 1422 gignitur,
1911 1348 2242 1416 amarus,
2283 1325 2474 1420 ligni
2510 1327 2985 1400 sacramento
3027 1322 3265 1399 dulcis
3303 1323 3464 1399 effi-

585 1455 809 1543 citur,
850 1454 930 1527 et
966 1475 1120 1527 non
1157 1453 1404 1527 solum
1442 1454 1539 1526 ab
1579 1473 1695 1544 ee,
1736 1451 1937 1547 quod
1989 1454 2180 1542 erat,
2222 1450 2501 1542 deficit,
2543 1452 2674 1525 sed
2711 1452 2791 1524 in
2829 1452 3102 1526 melius
3142 1454 3223 1526 et
3258 1451 3468 1526 ultra

585 1600 811 1649 usum
848 1578 1358 1652 necessarium
1396 1580 1790 1651 mutatur:
1822 1598 1978 1650 non
2015 1576 2221 1650 enim
2260 1576 2506 1650 solum
2546 1590 2811 1651 amara
2847 1597 3005 1651 esse
3046 1576 3294 1667 desiit,
3336 1577 3468 1651 sed

588 1700 828 1775 dulcis
867 1703 983 1775 est
1020 1700 1345 1775 reddita.
1387 1701 1713 1796 Lignum
1754 1723 1933 1796 ergo
1972 1705 2055 1774 et
2100 1702 2180 1774 in
2216 1703 2701 1796 praesentem
2740 1724 3020 1796 aquam
3076 1703 3465 1797 operatur,

588 1827 670 1898 et
724 1824 806 1897 in
859 1826 1161 1921 populis
1215 1826 1356 1899 sub
1413 1848 1658 1920 aquae
1719 1825 2026 1900 nomine
2095 1825 2554 1921 nuncupatis
2610 1828 3087 1900 sacramento
3152 1825 3469 1901 virtutis

587 1970 773 2023 suae
830 1948 1037 2022 utile.
1091 1951 1228 2023 est.
1284 1948 1378 2022 In
1430 1950 1574 2024 hoc
1627 1950 1835 2044 ligno
1891 1949 2094 2045 apud
2150 1948 2477 2023 eundem
2532 1948 2850 2045 Moysen
2904 1950 3069 2045 vita
3125 1950 3469 2023 omnium

588 2073 896 2169 pendet,
937 2095 1110 2149 cum
1148 2074 1333 2149 dicit
1363 2068 1428 2148 ¹:
1479 2079 1510 2110 ‘⁴
1550 2074 1923 2149 Videbitis
1979 2075 2224 2150 vitam
2280 2079 2618 2150 vestram
2656 2075 3106 2171 pendentem
3158 2076 3240 2149 in
3297 2098 3471 2151 con-

588 2204 849 2297 spectu
891 2201 1285 2276 oculorum
1322 2204 1755 2275 vestrorum
1793 2204 2017 2276 nocte
2073 2205 2153 2276 et
2209 2201 2356 2292 die,
2414 2205 2495 2277 et
2548 2201 2948 2292 timebitis,
3006 2205 3087 2277 et
3123 2224 3276 2276 non
3316 2224 3471 2277 cre-

592 2323 787 2399 detis
824 2326 1037 2400 vitae
1072 2327 1376 2400 vestrae
1414 2379 1479 2411 „.
1520 2323 1682 2398 Hoc
1718 2324 1800 2397 in
1838 2347 2106 2419 panem
2153 2325 2356 2420 apud
2393 2324 2858 2400 Hieremiam
2895 2325 3208 2400 inicitur
3257 2326 3373 2400 ita
3400 2317 3468 2399 ²:

600 2455 631 2487 “
670 2449 911 2548 Super
980 2473 1103 2525 me
1187 2450 1724 2547 cogitaverunt
1796 2451 2341 2545 cogitationem
2409 2450 2779 2526 dicentes:
2865 2450 3138 2527 Venite
3208 2453 3471 2527 inicia-

587 2597 759 2648 mus
805 2572 819 2667 1
869 2574 1164 2670 lignum
1220 2574 1300 2647 in
1338 2596 1531 2670 pane
1569 2575 1732 2650 eius
1771 2630 1836 2662 „.
1878 2574 1991 2647 Ex
2029 2575 2171 2649 hac
2209 2577 2531 2649 materie
2567 2576 2787 2670 virga
2827 2578 2966 2669 est,
3005 2598 3269 2672 magos
3308 2576 3475 2651 vin-

590 2723 787 2791 cenS,
844 2699 1325 2775 Pharaonem
1364 2702 1686 2791 terrene,
1726 2700 2165 2798 Aegyptum
2222 2704 2644 2791 conterenS,
2673 2723 2898 2776 ⁴mare
2937 2701 3309 2793 dividenS,
3347 2723 3477 2798 pe-

589 2828 850 2924 lagum
904 2827 1339 2917 refundens,
1398 2825 1693 2901 fontem
1748 2827 2079 2918 elicienS,
2139 2826 2735 2903 amaritudinem
2790 2827 3158 2919 adimens,
3220 2828 3473 2903 dulce-

593 2955 844 3028 dinem
912 2952 1309 3027 tribuens:
1374 2951 1604 3026 huius
1670 2954 1875 3027 enim
1937 2956 2417 3028 sacramento
2482 2952 2992 3027 mitificantur
3054 2953 3477 3028 infidelium

590 3077 840 3167 corda,
881 3077 1120 3151 etiam
1173 3099 1264 3152 ex
1318 3080 1805 3171 peccatorum
1860 3081 2096 3174 atque
2135 3078 2559 3175 impietatis
2597 3078 3110 3153 amaritudine
3167 3080 3247 3152 in
3302 3078 3478 3153 fidei

594 3201 1071 3277 dulcedinem
1125 3200 1724 3276 transferuntur.
1785 3202 1894 3277 Ac
1965 3225 2062 3276 ne
2128 3226 2283 3278 non
2341 3203 2600 3278 omnia
2654 3204 3112 3278 sacramenti
3165 3204 3479 3278 latentis

592 3327 984 3403 effectibus
1022 3328 1519 3403 convenirent
1544 3329 1719 3420 illis,
1752 3351 1949 3424 quae
1986 3332 2171 3403 tunc
2209 3329 2697 3425 gerebantur,
2738 3330 3116 3425 scriptura
3155 3330 3480 3405 subiecit

593 3453 886 3528 dicens:
956 3457 988 3489 “
1026 3454 1144 3527 Ibi
1190 3455 1450 3549 posuit
1488 3454 1689 3528 Deus
1729 3453 2309 3529 iustificationes
2348 3456 2428 3529 et
2480 3454 2786 3545 iudicia,
2843 3457 2927 3528 et
2982 3454 3091 3528 ibi
3145 3456 3477 3549 tempta-

590 3581 710 3657 vit
748 3603 1004 3669 eum„.
1063 3580 1182 3654 Ibi
1238 3602 1404 3654 cum
1468 3570 1771 3670 dicitur,
1829 3602 1984 3654 non
2021 3579 2167 3655 loci
2207 3579 2660 3676 significatio
2702 3583 2832 3655 est·
2872 3580 3001 3655 sed
3059 3580 3283 3655 facti:
3325 3603 3480 3655 non

596 3707 800 3780 enim
854 3706 937 3778 in
990 3704 1124 3779 illo
1162 3703 1327 3778 loco
1368 3704 1566 3778 ullas
1605 3703 2137 3800 dispositiones
2174 3703 2834 3795 iustificationum,
2875 3707 2957 3780 et
2998 3704 3479 3794 iudiciorum,

593 3832 675 3903 et
727 3828 1328 3925 temptationum
1385 3829 1649 3902 extare
1723 3828 2175 3903 invenimus.
2233 3827 2520 3902 Contra
2582 3850 2765 3903 vero
2838 3828 2920 3901 in
2978 3828 3163 3924 ligni
3230 3850 3479 3903 sacra-

594 3956 881 4044 mentO,
940 3953 1020 4025 in
1076 3974 1227 4047 quo
1285 3932 1660 4026 Dominus
1716 3953 2099 4048 pependit,
2141 3951 2221 4024 in
2259 3974 2411 4047 quo
2451 3974 2706 4027 secum
2745 3952 3025 4043 omnia,
3088 3975 3285 4048 quae
3340 3953 3479 4025 hu-

596 4080 804 4152 mani
839 4079 1136 4174 generis
1190 4077 1424 4152 saluti
1481 4077 2115 4168 adversabantur,
2157 4077 2452 4167 adfixit,
2493 4080 2574 4151 et
2627 4076 3071 4152 iustificatio
3121 4081 3262 4169 est,
3303 4080 3484 4173 quia

595 4204 837 4280 iustus
865 4227 957 4292 ex
995 4203 1141 4279 fide
1197 4206 1337 4294 est,
1396 4205 1479 4276 et
1535 4203 1814 4278 iudicia
1869 4206 2092 4292 sunt3
2153 4203 2337 4299 quia
2391 4203 2526 4298 qui
2580 4178 3053 4291 non⁶credit,
3093 4203 3248 4276 iam
3289 4204 3482 4277 iudi-

595 4332 812 4403 catus
868 4331 1016 4403 est:
1076 4330 1157 4401 et
1210 4326 1621 4422 temptatio
1678 4331 1819 4419 est,
1879 4328 2062 4423 quia
2118 4348 2252 4422 per
2308 4326 2749 4401 scandalum
2803 4326 3042 4401 crucis
3080 4327 3285 4401 saIus
3341 4331 3479 4403 est.

597 4454 797 4528 Crux
820 4477 827 4482 ·
853 4454 1056 4529 enim
1092 4454 1595 4550 pereuntibus
1635 4453 1997 4544 stultitia,
2038 4453 2287 4528 virtus
2326 4454 2590 4526 autem
2626 4451 2778 4526 Dei>
2808 4452 2888 4524 in
2940 4452 3270 4526 salutem
3326 4474 3483 4527 cre-

596 4579 977 4654 dentibus,
1033 4578 1307 4674 Itaque
1363 4602 1535 4654 cum
1607 4579 2097 4675 opprobrium
2138 4575 2377 4654 crucis
2413 4577 2827 4674 temptatio
2866 4580 2984 4652 est
3037 4576 3253 4665 fidei;
3313 4600 3486 4653 cum

595 4703 1006 4778 infidelitas
1036 4726 1264 4778 causa
1292 4704 1553 4778 iudicii
1581 4723 1597 4790 ;
1641 4725 1813 4778 cum
1843 4702 2026 4778 fides
2065 4702 2630 4780 iustificationis
2660 4704 2777 4776 est
2804 4722 3124 4792 merces;
3158 4702 3437 4777 merito

593 4833 1068 4904 sacramento
1122 4828 1315 4924 ligni
1370 4851 1648 4924 aquam
1722 4850 1812 4902 ex
1890 4829 2404 4922 amaritudine
2457 4828 2538 4900 in
2618 4827 3096 4903 dulcedinem
3152 4828 3485 4918 transfe-

594 4954 856 5043 rentiS,
913 4957 994 5027 et
1047 4951 1517 5042 iustificatiO,
1575 4955 1656 5026 et
1708 4951 2026 5042 iudicia,
2081 4954 2161 5026 et
2232 4951 2646 5047 temptatio
2711 4944 3242 5026 continetur⁴t
3314 4955 3345 4987 “
3383 4952 3486 5026 Et

596 5081 975 5151 venerunt
1055 5076 1137 5149 in
1219 5075 1466 5172 Elym,
1518 5079 1601 5149 et
1675 5079 1907 5150 erant
1959 5076 2069 5158 ibi
2160 5074 2560 5151 duodecim
2641 5075 2893 5150 fontes
2975 5095 3350 5171 aquarum
3406 5079 3488 5150 et

597 5201 1092 5298 septuaginta
1148 5201 1456 5276 arbores
1511 5202 1965 5296 palmarum,
2008 5200 2512 5276 consederunt
2550 5201 2813 5274 autem
2868 5199 2978 5273 ibi
3014 5199 3113 5273 ad
3168 5222 3484 5296 aquas„.

601 5326 1114 5401 Consumatur
1169 5347 1348 5422 ergo
1380 5299 1485 5398 ³in
1555 5327 1780 5401 rebus
1865 5325 2215 5421 gerendis
2280 5325 2674 5421 dispositio
2758 5323 3221 5418 spiritualis;
3305 5347 3489 5399 nam

766 5596 780 5628 ¹
819 5585 1076 5651 Denter.
1098 5586 1415 5667 XXVIII,
1431 5586 1527 5648 66.
1543 5585 1728 5665 Vulg.
1757 5610 1789 5646 ‹
1809 5586 1951 5648 Erit
1969 5586 2101 5648 vita
2123 5592 2227 5648 tua
2246 5587 2424 5665 quasi
2444 5584 2723 5667 pendens
2749 5590 2891 5648 ante
2913 5591 3010 5648 te:
3036 5585 3287 5648 timebis
3306 5591 3491 5647 nocte

609 5694 675 5749 et
695 5687 819 5768 die,
843 5694 909 5751 et
925 5708 1049 5751 non
1070 5688 1286 5752 credes
1308 5688 1474 5751 vitae
1498 5693 1640 5749 tuae
1659 5709 1713 5749 ι.
1741 5720 1824 5734 -
1852 5694 1873 5729 ²
1902 5686 2178 5749 Hierem.
2203 5686 2323 5765 XI,
2351 5687 2426 5748 19
2454 5721 2524 5733 -
2559 5694 2579 5726 ³
2611 5685 2830 5747 marito
2852 5720 2934 5733 —
2955 5695 2976 5726 ⁴
3007 5685 3202 5748 Exod.
3223 5685 3370 5766 XV,
3390 5686 3489 5746 27.

3527 2593 3598 2648 13
