4642 6650
1250 753 1409 801 xm
1929 789 1939 800 .
2499 748 2867 795 PRAEFATIO

1248 971 1381 1046 nai
1434 994 1482 1046 a
1534 969 1771 1045 Moise
1842 946 2282 1061 narrantur,
2367 989 2714 1073 quaeque
2794 967 3342 1043 monachorum
3418 968 3665 1064 pietas
3741 967 4116 1065 significa-

1251 1115 1412 1207 bat,
1469 1113 1565 1189 ad
1620 1113 1870 1188 Faran
1923 1135 2059 1210 per
2113 1111 2459 1189 eamdem
2513 1112 2972 1187 laboriosam
3011 1112 3220 1188 viam
3255 1112 3566 1188 reduxit
3602 1112 3899 1209 pedem,
3939 1133 4117 1186 mox

1249 1281 1465 1335 secus
1520 1280 1728 1334 mare
1783 1259 2104 1333 rubrum
2157 1256 2569 1354 procedens
2624 1255 2874 1330 denuo
2931 1255 3030 1331 ad
3087 1255 3393 1353 Clysma
3447 1220 3824 1352 peruenit.
3865 1254 4118 1369 Quum

1248 1423 1431 1479 vero
1485 1402 1651 1498 ipsa
1703 1400 2145 1478 revisendae
2181 1402 2438 1475 terrae
2476 1399 2757 1475 Ges-sen
2795 1400 3160 1499 flagraret
3195 1398 3476 1492 studiO,
3516 1402 3609 1474 ut
3654 1400 4114 1490 mansioneS,

1249 1567 1447 1644 quae
1503 1547 1583 1621 in
1635 1545 1897 1620 Exodo
1934 1544 2301 1640 leguntur
2338 1543 2434 1617 ab
2474 1543 2665 1619 urbe
2700 1543 3065 1618 Ramesse
3102 1542 3200 1617 ad
3238 1565 3449 1618 mare
3493 1543 3839 1635 rubrum,
3880 1543 4117 1619 oculis

1247 1690 1406 1766 suis
1459 1689 1968 1780 confirmaret,
2023 1688 2218 1762 illud
2272 1688 2418 1762 sibi
2473 1687 2944 1784 propositum
3002 1688 3151 1761 iter
3207 1690 3562 1784 suscepit.
3620 1687 3918 1763 Relicto
3974 1688 4115 1784 igi·

1244 1837 1379 1909 tur
1434 1833 1820 1933 Clysmate
1858 1836 2092 1929 atque
2146 1832 2244 1906 ad
2281 1831 2582 1907 laevam
2617 1831 2963 1927 proximo
3002 1833 3285 1923 monte,
3325 1830 3552 1906 hodie
3588 1830 3847 1925 Ataka,
3897 1832 4118 1908 novit

1246 1977 1703 2053 Phihairoth
1756 1979 1838 2053 et
1900 1975 2343 2071 Magdalum
2414 1977 2495 2050 et
2564 1974 3075 2069 Beelsephon:
3153 1975 3234 2048 in
3299 1973 3598 2050 deserto
3670 1978 3842 2050 erat
3915 1975 4116 2052 Oton

1246 2119 1705 2215 appositum,
1765 2117 2140 2193 Socchoth
2196 2117 2277 2191 in
2333 2116 2559 2207 valle,
2601 2139 2796 2213 quae
2849 2117 3175 2192 fortasse
3214 2116 3436 2193 hodie
3490 2118 3718 2209 Wady
3762 2110 4112 2194 Tumilat¹

1248 2259 1718 2335 nominatur.
1747 2259 2416 2356 Appropinquavit
2470 2257 2745 2333 deinde
2784 2258 3083 2333 civitati
3121 2259 3457 2351 Pithom,
3497 2281 3690 2356 quae
3745 2284 3989 2357 nuper
4021 2262 4115 2337 cl.

1230 2403 1395 2479 viri
1447 2402 1535 2481 E.
1591 2402 1664 2478 N
1667 2402 1899 2477 aville
1953 2426 2252 2477 summa
2308 2400 2689 2476 industria
2753 2402 3147 2498 recognita
3200 2405 3318 2478 est
3383 2426 3471 2478 ac
3543 2403 3702 2480 fere
3778 2405 4116 2482 excitata

1245 2545 1329 2617 in
1363 2544 1530 2620 loco
1569 2543 1772 2619 dicto
1812 2544 2478 2618 Tell-el-Maskkuta
2495 2534 2545 2618 ².
2576 2544 2750 2619 Mox
2780 2544 3270 2641 Heroopolim
3299 2547 3613 2620 tantum
3638 2568 3913 2622 novem
3943 2548 4113 2622 mil-

1247 2687 1492 2763 liariis
1548 2712 1596 2762 a
1647 2688 1959 2764 Pithom
1996 2689 2347 2763 dissitam
2384 2682 2754 2765 accedit-³.
2809 2689 3228 2765 Duodecim
3265 2693 3528 2765 autem
3568 2691 3665 2765 ab
3702 2690 4116 2788 Heroopoli

1244 2857 1568 2932 magnae
1620 2836 2023 2911 iacuerunt
2075 2836 2347 2911 ruinae
2398 2836 2755 2911 Ramesse
2814 2836 3025 2912 urbis
3088 2836 3522 2912 faraonicae
3549 2831 3596 2930 ⁴,
3657 2860 3846 2933 quas
3919 2836 4111 2913 Ara·

1243 2977 1418 3053 biae
1481 2977 1874 3074 episcopus
1941 2998 2208 3052 verum
2266 2976 2339 3051 ei
2393 2976 2700 3051 obviam
2756 2976 3170 3071 procedens
3233 2976 3647 3071 indicabat,
3704 3001 3859 3053 non
3927 2980 4115 3054 satis

1245 3120 1437 3195 bene
1473 3119 1924 3216 exponebat.
1962 3120 2075 3193 Ex
2110 3118 2399 3193 Arabia
2453 3117 2773 3194 civitate
2829 3117 3004 3193 dein
3058 3119 3292 3193 biduo
3347 3119 3542 3195 loca·
3573 3143 3896 3197 amoena
3934 3120 4116 3197 Ges-

1243 3283 1379 3339 sen
1415 3262 1856 3360 peragravit
1891 3284 2132 3361 usque
2183 3263 2281 3338 ad
2318 3263 2618 3357 Tanim,
2677 3284 3065 3359 quumque
3105 3267 3369 3341 autem
3406 3254 3614 3341 viam
3651 3265 3806 3341 iam
3844 3269 4110 3343 notam

1245 3383 1664 3497 habuisset,
1719 3404 1949 3481 inivit
2001 3405 2639 3502 Hierosolymam.

1405 3545 1720 3622 Sextum
1777 3547 1924 3621 iter
1980 3547 2076 3620 ad
2132 3549 2474 3621 montem
2528 3546 2601 3622 N
2604 3547 2807 3622 abau
2825 3537 2875 3638 ⁵,
2931 3547 3055 3623 vel
3110 3548 3350 3641 Nebo,
3409 3549 3623 3626 ubis
3661 3549 3826 3627 vita
3862 3572 4110 3627 exces-

1406 3829 1427 3868 ¹
1456 3832 1714 3910 Peregr.
1756 3851 1818 3911 p.
1859 3831 1939 3892 47
1964 3851 1979 3891 ε
2027 3853 2058 3889 ‹
2085 3828 2390 3892 Socchoth
2431 3835 2642 3891 autem
2684 3835 2785 3891 est
2824 3828 3025 3891 clivus
3066 3829 3344 3893 modicus
3370 3830 3436 3891 in
3461 3831 3666 3910 media
3702 3831 3886 3894 valle.
3910 3854 3943 3892 ›
3974 3832 4117 3895 Non

1238 3930 1424 4010 longe
1465 3936 1601 3991 erat
1640 3949 1679 3990 a
1717 3927 1987 4006 Pithom,
2028 3934 2103 3989 ut
2156 3948 2232 3989 ex
2270 3926 2680 3990 monumentis
2720 3926 3112 4007 pharaonicis
3156 3948 3191 3989 a
3227 3927 3477 3991 Naville
3504 3929 3773 4009 repertis
3800 3928 4118 4010 colligitur

1243 4030 1328 4112 (ο.
1368 4049 1421 4091 ο.
1461 4048 1523 4109 p.
1568 4029 1664 4106 13,
1704 4035 1772 4091 et
1812 4027 2030 4110 seqq.).
3101 4021 3112 4032 ‘

1403 4125 1429 4164 ²
1458 4126 1709 4189 Naville
1748 4126 1823 4187 E.
1859 4128 1979 4187 The
2008 4124 2184 4188 storo
2207 4159 2285 4170 —
2309 4129 2432 4203 city
2470 4125 2550 4205 of
2577 4125 2840 4199 Pithom,
2886 4128 3013 4186 and
3053 4128 3151 4186 the
3190 4133 3369 4187 route
3408 4128 3487 4208 of
3517 4129 3613 4187 the
3640 4129 3924 4207 Emodus,
3952 4129 4114 4190 Lon·

1244 4225 1384 4300 don,
1428 4224 1605 4285 1885.

1403 4322 1428 4361 ⁸
1452 4321 1706 4385 Pithom
1746 4328 1814 4384 et
1851 4321 2255 4402 Heroopolim
2292 4342 2476 4383 unam
2504 4321 2701 4384 fuisse
2730 4322 3050 4384 civitatem
3076 4320 3396 4384 contendit
3421 4321 3671 4385 Naville
3702 4323 3784 4403 (o.
3812 4343 3865 4386 c.
3892 4343 3954 4404 p.
3984 4324 4110 4406 5·9)

1243 4421 1623 4501 argumentis
1663 4420 2001 4483 levioribus
2041 4420 2241 4483 fretus
2282 4428 2495 4483 contra
2535 4422 2924 4500 antiquorum
2951 4441 3315 4483 consensum
3342 4440 3527 4482 unam
3554 4423 3631 4483 ab
3669 4422 3866 4484 altera
3905 4421 4120 4484 distin-

1244 4518 1584 4600 guentium.
1625 4518 1795 4580 Illud
1837 4519 2002 4581 enim
2044 4519 2104 4581 ei
2147 4540 2366 4599 parum
2416 4519 2713 4599 prodesse
2767 4519 2922 4580 mihi
2974 4519 3242 4598 videtur,
3299 4519 3465 4599 quod
3507 4520 3711 4582 versio
3759 4521 4003 4603 coptica
4042 4541 4120 4584 ex

1242 4637 1465 4699 graeco
1505 4617 1709 4690 Ἠρῶων
1746 4619 1891 4670 πόλιν
1934 4618 2186 4700 (GeneS.
2230 4637 2284 4681 c.
2326 4619 2562 4696 XLVI,
2605 4620 2709 4698 28)
2751 4618 2818 4679 in
2857 4617 3110 4679 Pithom
3163 4618 3460 4681 biblicum
3515 4619 3906 4682 trsatulerit:
3961 4640 4118 4699 quae

1240 4716 1554 4786 nominum
1594 4714 1870 4779 confusio
1911 4723 2047 4778 orta
2089 4724 2187 4779 est
2228 4715 2497 4779 fortasse
2540 4737 2617 4778 ex
2642 4716 2857 4778 harum
2884 4717 3128 4778 urbium
3158 4717 3629 4797 propinquitate.
3671 4718 3835 4780 Huic
3876 4726 4121 4781 senten·

1241 4814 1371 4877 tiae
1409 4813 1752 4894 Peregrina
1803 4813 2295 4876 luculentissime
2351 4814 2590 4877 accedit
2632 4815 2718 4895 (p.
2757 4815 2883 4896 48):
2932 4837 2963 4873 ‹
2985 4836 3146 4877 nunc
3186 4815 3455 4877 Phitona
3508 4823 3782 4880 castrum
3824 4824 3943 4879 est.
3994 4816 4117 4879 He·

1242 4933 1420 4977 rcum
1458 4921 1664 4976 autem
1703 4913 1945 4976 civitas.
1970 4938 2002 4973 ›
2047 4913 2181 4977 Nec
2205 4935 2332 4978 non
2358 4936 2490 4977 rem
2522 4915 2857 4994 confirmat,
2895 4935 3053 4993 quae
3081 4915 3246 4977 inter
3270 4915 3375 4979 vel
3402 4937 3594 4997 prope
3621 4917 3834 4980 ruinas
3862 4916 4117 4978 Pithom

1240 5018 1492 5093 reperta
1530 5018 1631 5074 est
1668 5011 1922 5090 antiqua
1959 5011 2282 5092 inscriptio
2324 5032 2546 5077 novem
2587 5012 2941 5074 milliarium
2980 5014 3060 5075 ab
3100 5013 3216 5075 hac
3257 5013 3333 5075 ad
3378 5015 3522 5092 Ero,
3551 5021 3625 5076 ut
3652 5014 4112 5096 explicavimus,

1240 5111 1635 5174 intervallum
1673 5110 2027 5173 admonens.
2068 5111 2247 5174 Vesti
2254 5111 2360 5191 gia
2413 5111 2599 5175 etiam
2640 5111 2783 5173 viae
2824 5130 3109 5174 romanae
3151 5111 3317 5191 apud
3364 5115 3930 5176 Tell-el-Maskhuta
3990 5133 4116 5176 cer-

1236 5217 1485 5288 nuntur,
1525 5230 1682 5288 quae
1723 5209 1779 5271 si
1820 5208 1999 5287 sequi
2038 5217 2297 5290 possent
2338 5209 2418 5272 ad
2457 5210 2658 5273 locum
2698 5208 3122 5289 Heroopoleos
3166 5210 3480 5274 ducerent.

1400 5312 1428 5347 ⁴
1453 5309 1748 5372 Societati
1787 5309 2107 5389 Anglicae,
2150 5309 2229 5371 ad
2269 5310 2549 5391 Aegypti
2588 5309 2994 5388 antiquitates
3037 5310 3447 5390 explorandas
3487 5313 3883 5388 constitutae,
3929 5311 4117 5375 valde

1242 5414 1652 5489 opportunum
1694 5405 1971 5468 futurum
2010 5426 2151 5469 esse
2193 5426 2437 5485 consec,
2481 5407 2538 5469 si
2575 5408 2911 5487 regionem,
2939 5407 3007 5468 in
3034 5427 3156 5485 qua
3192 5409 3342 5471 urbs
3369 5409 3673 5474 Ramesse
3703 5431 3740 5472 a
3773 5409 4117 5490 Peregrina
4153 5417 4160 5424 '

1241 5500 1571 5585 indicatur,
1610 5505 2088 5587 pervestigaret.

1404 5603 1430 5642 ⁶
1457 5606 1714 5684 Eeregr.
1753 5623 1815 5684 p.
1859 5603 2057 5664 51-56.
