4642 6650
1121 2379 1190 2435 39

1234 735 1322 800 48
1499 735 1506 745 '
2221 756 2276 801 s.
2326 756 2597 802 slavus·
2642 756 3138 803 Pannonicum

1233 973 1482 1050 clivus
1543 974 1884 1050 modicus
1952 975 2032 1048 in
2097 975 2351 1050 media
2423 975 2650 1068 valle,
2706 975 2929 1050 iuxta
3001 997 3229 1072 quem
3306 976 3743 1052 colliculum
3799 977 4132 1053 fixerunt

1235 1101 1487 1175 castra
1541 1099 1683 1172 filii
1737 1100 2015 1176 Israel:
2074 1123 2253 1174 nam
2292 1100 2416 1176 hic
2453 1103 2569 1176 est
2624 1101 2860 1192 locus,
2911 1102 3053 1176 ubi
3107 1107 3419 1198 accepta
3454 1105 3572 1178 est
3612 1103 3738 1177 lex
3775 1104 4125 1199 paschae.

1235 1225 1569 1300 Pithona
1595 1218 1617 1259 ¹
1661 1227 1899 1301 etiam
1936 1226 2233 1318 civitas,
2275 1250 2509 1322 quam
2547 1225 3146 1303 aedificaverunt
3181 1227 3322 1302 filii
3359 1228 3620 1320 Israel,
3665 1233 3969 1306 ostensa
4005 1234 4125 1305 est

1236 1350 1455 1426 nobis
1521 1351 1603 1424 in
1648 1351 1838 1447 ¹ipso
1893 1351 2208 1428 itinere:
2269 1353 2348 1424 in
2415 1372 2506 1426 eo
2574 1355 2840 1427 tamen
2911 1353 3080 1427 loco
3154 1354 3289 1427 ubi
3354 1354 3509 1428 iam
3580 1354 3766 1430 fines
3841 1355 4127 1452 Egypti

1237 1477 1723 1569 intravimuS,
1764 1478 2284 1574 relinquentes
2337 1480 2587 1551 terras
2627 1476 3180 1554 Saracenorum
3215 1470 3267 1552 ²:
3324 1502 3506 1553 nam
3543 1484 3626 1554 et
3663 1478 3885 1576 ipsud
3922 1502 4125 1555 nunc

1238 1600 1573 1676 Phitona
1600 1605 1937 1677 castrum
1974 1606 2117 1679 est.
2146 1603 2489 1677 Heroum
2515 1594 2545 1637 ³
2570 1606 2834 1679 autem
2862 1604 3157 1694 civitas,
3190 1628 3388 1700 quae
3414 1604 3568 1679 fuit
3596 1606 3729 1680 illo
3757 1608 4128 1702 tempore,
4179 1610 4190 1621 '

1239 1727 1317 1800 id
1373 1731 1491 1802 est
1545 1728 1680 1802 ubi
1734 1728 2065 1804 occurrit
2118 1728 2389 1825 Ioseph
2426 1729 2633 1826 patri
2669 1751 2808 1804 suo
2846 1730 3073 1805 Iacob
3129 1730 3495 1822 venienti,
3525 1731 3724 1805 sicut
3761 1731 4130 1828 scriptum

1241 1840 1364 1927 est
1415 1853 1497 1926 in
1550 1852 1747 1928 libro
1805 1852 2136 1945 Genesis,
2195 1876 2399 1927 nunc
2454 1857 2572 1928 est
2636 1876 2848 1931 come
2873 1846 2926 1947 ⁴,
2983 1855 3117 1930 sed
3171 1855 3502 1951 grandis,
3561 1856 3765 1952 quod
3819 1878 3958 1930 nos
4017 1856 4130 1929 di-

1243 1978 1483 2053 cimus
1519 1978 1756 2054 vicus.
1795 1977 1995 2053 Nam
2032 1978 2193 2076 ipse
2231 1979 2444 2055 vicus
2482 1979 2877 2055 ecclesiam
2903 1979 3140 2055 habet
3177 1983 3261 2054 et
3285 1982 3757 2055 monasteria
3793 1981 4128 2078 plurima

1244 2108 1685 2179 sanctorum
1719 2105 2307 2179 monachorum:
2368 2105 2466 2178 ad
2523 2127 2721 2201 quae
2758 2105 3061 2202 singula
3096 2104 3426 2181 videnda
3467 2127 3769 2181 necesse
3804 2129 3942 2180 nos
3981 2106 4135 2180 fuit

1243 2231 1353 2305 ibi
1408 2230 1857 2307 descendere
1910 2230 2131 2304 iuxta
2186 2230 2840 2323 consuetudinem,
2902 2255 3134 2327 quam
3200 2231 3675 2307 tenebamus.
3714 2231 3917 2306 Nam
3972 2230 4131 2328 ipse

1246 2357 1457 2433 vicus
1512 2378 1715 2430 nunc
1751 2355 2184 2452 appellatur
2218 2354 2465 2431 Hero:
2508 2377 2707 2452 quae
2744 2359 3007 2432 tamen
3060 2357 3266 2432 Hero
3316 2356 3328 2448 Ι
3378 2381 3425 2431 a
3477 2360 3687 2432 terra
3741 2357 3943 2432 Iesse
3988 2358 4132 2431 mi·

1246 2482 1467 2557 liario
1496 2482 1653 2555 iam
1690 2482 2201 2557 sextodecimo
2232 2484 2352 2557 est
2376 2473 2425 2575 ⁵,
2465 2504 2647 2556 nam
2683 2482 2764 2556 in
2800 2481 3079 2556 finibus
3108 2483 3394 2580 Egypti
3430 2485 3588 2558 est:
3621 2483 3832 2558 locus
3870 2486 4132 2558 autem

1247 2609 1408 2704 ipse
1436 2607 1624 2681 satis
1660 2611 1929 2703 gratus
1967 2610 2108 2699 est,
2148 2631 2329 2682 nam
2366 2611 2449 2682 et
2482 2632 2659 2704 pars
2697 2607 3072 2704 quaedam
3109 2608 3444 2681 fluminis
3474 2606 3635 2683 Nili
3672 2608 3781 2682 ibi
3809 2608 4049 2683 currit
4073 2598 4126 2680 ⁶.

1250 2732 1360 2808 Ac
1414 2734 1520 2809 sic
1573 2755 1755 2829 ergo
1809 2736 2179 2809 exeuntes
2234 2733 2332 2809 de
2385 2733 2590 2809 Hero
2625 2734 3101 2831 pervenimus
3157 2735 3254 2808 ad
3310 2734 3733 2825 civitatem,
3790 2756 3940 2830 que
3995 2756 4127 2829 ap-

1248 2860 1587 2958 pellatur
1640 2858 1951 2952 Arabia,
2009 2883 2203 2956 quae
2274 2861 2395 2935 est
2448 2860 2720 2936 civitas
2792 2862 2873 2935 in
2943 2865 3154 2937 terra
3206 2861 3430 2937 Iesse.
3489 2860 3708 2935 Unde
3761 2861 4131 2955 scriptum

1251 2989 1372 3062 est
1408 2985 1685 3060 dixisse
1724 2985 2201 3061 Pharaonem
2238 2986 2338 3060 ad
2376 2985 2686 3083 Ioseph:
2735 2990 2769 3023 “
2795 2986 2888 3060 In
2923 2986 3225 3063 meliori
3276 2989 3487 3062 terra
3523 2986 3808 3083 Egypti
3846 2984 4133 3061 colloca

1251 3114 1554 3209 patrem
1607 3114 1834 3184 tuum
1906 3113 1989 3186 et
2041 3110 2327 3186 fratres
2379 3112 2463 3185 in
2516 3115 2729 3186 terra
2764 3111 3042 3203 Iessea,
3080 3112 3160 3185 in
3197 3114 3408 3186 terra
3462 3110 3793 3186 Arabiae
3821 3104 3846 3146 '¹'
3893 3167 3960 3199 „.
4147 3202 4152 3207 Ι

1412 3236 1527 3311 De
1544 3234 1831 3310 Arabia
1859 3238 2126 3311 autem
2155 3236 2472 3312 civitate
2500 3239 2873 3333 quattuor
2900 3237 3116 3310 milia
3144 3258 3409 3333 passus
3439 3239 3622 3310 sunt
3650 3236 4060 3310 Ramessen
4078 3226 4130 3308 ⁸.

1254 3365 1413 3439 Nos
1440 3366 1730 3456 autem,
1761 3366 1852 3438 ut
1880 3363 2313 3439 veniremus
2346 3364 2444 3437 ad
2471 3365 2948 3440 mansionem
2966 3363 3320 3455 Arabiae,
3341 3386 3475 3460 per
3510 3363 3763 3439 media
3782 3361 4142 3437 Ramesse

1420 3641 1438 3677 ¹
1467 3641 1718 3720 Pithon,
1760 3640 2011 3720 Phiton,
2053 3642 2453 3721 septuaginta
2492 3639 2709 3707 Πειθώ.
2753 3641 2949 3703 Exod.
2991 3642 3046 3719 I,
3089 3644 3194 3702 11:
3242 3663 3274 3698 ε
3296 3639 3919 3719 Aedificaveruntque
3956 3640 4143 3701 urbes

1254 3739 1788 3801 tabernaculorum
1813 3739 2126 3800 Pharaoni
2146 3740 2397 3801 Phitom
2421 3746 2484 3800 et
2506 3739 2852 3801 Ramessen
2876 3761 2931 3799 ».
2954 3737 3225 3800 Censent
3244 3738 3365 3800 viri
3394 3737 3623 3799 eruditi
3646 3757 3785 3799 esse
3811 3737 4143 3826 Πάτουμον

1256 3838 1564 3900 Herodoti
1605 3838 1672 3918 (l.
1713 3837 1801 3916 Π,
1845 3857 1897 3899 c.
1943 3838 2106 3918 158),
2151 3858 2332 3915 quam
2371 3836 2867 3918 praeterlabatnr
2904 3835 3078 3897 fossa
3119 3856 3158 3895 a
3195 3835 3365 3897 Neco
3396 3841 3461 3896 et
3486 3835 3679 3896 Dario
3722 3856 3800 3896 ex
3839 3835 4145 3896 Bubastio

1255 3936 1389 3998 Nili
1430 3935 1607 3997 alveo
1646 3935 1714 3996 in
1753 3955 1923 3997 mare
1963 3936 2215 3997 rubrum
2255 3934 2553 3996 deducta:
2608 3934 2780 3995 cuius
2833 3932 3042 3996 fossae
3098 3933 3285 3994 etiam
3331 3953 3492 3994 nunc
3546 3933 3820 4019 vestigia
3870 3936 4143 3996 manent.

1259 4034 1461 4109 Quam
1488 4036 1567 4095 ob
1590 4053 1723 4095 rem
1751 4033 1807 4096 si
1833 4033 2085 4095 Phitom
2113 4054 2235 4095 non
2261 4034 2447 4112 longe
2474 4053 2511 4093 a
2549 4033 2686 4094 loco
2724 4032 3317 4092 Tell-el-M'aschuta
3344 4032 3735 4110 collocemus,
3760 4030 3869 4092 ubi
3897 4037 4148 4110 reperta

1259 4141 1359 4196 est
1395 4132 1719 4211 inscriptio
1761 4132 2041 4211 miliaria,
2084 4131 2164 4195 de
2206 4153 2327 4211 qua
2369 4132 2673 4211 superius,
2717 4151 2831 4193 nos
2871 4132 2938 4192 in
2980 4151 3189 4193 errore
3230 4130 3470 4192 versari
3509 4150 3631 4191 non
3674 4130 4067 4191 arbitremur.

1420 4232 1444 4268 ²
1472 4231 1825 4294 Traieeerat
1850 4238 2050 4294 terras
2086 4230 2540 4309 Saracenorum,
2573 4229 2889 4292 desertum
2916 4230 3204 4304 Arabiae,
3235 4250 3271 4291 e
3303 4229 3555 4307 Clysma
3581 4227 3661 4288 ad
3689 4227 3960 4306 Phitom,
3991 4246 4148 4304 quae

1259 4332 1338 4393 ab
1363 4330 1682 4393 Herodoto
1713 4331 1782 4411 (1.
1802 4331 1881 4411 c.)
1904 4330 2074 4393 dicta
2092 4337 2191 4392 est
2210 4330 2436 4392 civitas
2463 4328 2751 4406 Arabiae,
2781 4333 2853 4389 ut
2897 4330 3083 4418 νόμον
3114 4327 3663 4407 Heroopolitanum
3691 4319 4140 4403 ingrederetur.

1420 4430 1445 4467 ³
1471 4430 1748 4492 Heroum
1787 4430 2029 4510 civitas,
2073 4437 2313 4521 Ἠρῶων
2341 4431 2541 4510 πολίς,
2564 4428 2738 4488 iuxta
2763 4447 2962 4505 quam,
2989 4432 3063 4488 ut
3089 4425 3155 4486 in
3182 4425 3590 4505 Septuaginta
3613 4427 3864 4504 legitur,
3908 4424 3954 4484 J
3955 4422 4147 4503 oseph

1261 4529 1507 4591 obviam
1559 4528 1679 4590 ivit
1730 4528 1895 4609 patri
1949 4548 2060 4590 suo
2105 4563 2182 4574 —-
2222 4527 2353 4592 καθ’
2421 4527 2815 4620 Ἠρωώπολιν
2874 4533 2955 4602 εἰς
3016 4536 3139 4618 γῆν
3187 4525 3785 4616 Ραμεσσῆ.ΤθΧίῑι1αι
3812 4530 4018 4584 autem
4044 4523 4147 4584 he·

1258 4630 1509 4691 braeum
1549 4634 1614 4690 et
1651 4629 1908 4707 vulgata
1947 4633 2189 4689 tantum
2228 4627 2488 4689 habent:
2536 4649 2569 4686 ‹
2599 4632 2948 4688 occurreret
2986 4625 3053 4687 in
3094 4625 3339 4688 Gessen
3353 4625 3507 4707 ²·’(vel
3550 4624 3899 4704 Goeschen)
3933 4647 3987 4685 ».

1422 4727 1447 4762 ⁴
1477 4724 1628 4787 Ood.
1671 4746 1909 4788 comes:
1951 4745 2046 4805 gr.
2088 4726 2293 4815 κώμη.

1422 4825 1447 4862 ⁵
1474 4827 1572 4887 Ex
1589 4826 1918 4887 Itinerario
1948 4825 2245 4887 Antonini
2275 4825 2506 4887 scimus
2534 4823 2731 4887 fuisse
2760 4824 2956 4886 millia
2983 4823 3272 4886 LXVIII
3291 4844 3329 4884 a
3366 4822 3683 4902 Clysmate
3712 4820 3793 4882 ad
3821 4821 4154 4899 Heroopo-

1260 4927 1390 5006 lim,
1415 4946 1578 4988 nunc
1603 4925 1800 4987 millia
1817 4925 1980 4987 XVI
2006 4944 2150 4986 esse
2170 4927 2247 4986 ab
2268 4925 2606 5004 Heroopoli
2630 4924 2710 4986 ad
2732 4931 2962 4986 terram
2998 4924 3260 5000 Gessen,
3303 4941 3458 4999 quae
3487 4940 3597 5000 pro
3626 4919 3881 4981 civitate
3917 4917 4154 4979 Arabia

1262 5033 1431 5089 recte
1471 5024 1742 5104 intelligi
1783 5030 2017 5103 potest:
2059 5042 2247 5102 quare
2289 5044 2328 5084 a
2370 5022 2687 5103 Clysmate
2728 5022 2809 5084 ad
2850 5022 3149 5084 Arabiam
3188 5021 3386 5082 millia
3426 5018 3681 5081 fuerunt
3734 5016 4153 5094 LXXXIIH,

1264 5130 1551 5203 quattuor
1589 5121 2009 5183 mansionibus
2053 5122 2136 5202 (v.
2166 5141 2372 5203 supra,
2412 5141 2473 5199 p.
2516 5123 2597 5182 46
2638 5127 2789 5181 nota
2828 5120 2892 5201 ὃ)
2936 5125 3241 5199 separata.

1424 5221 1451 5258 ⁶
1479 5219 1653 5294 Quae
1690 5218 1823 5280 Nili
1862 5217 2134 5280 fluminis
2161 5219 2353 5298 pars?
2394 5217 2687 5280 Profecto
2710 5217 2907 5278 amnis
2937 5216 3188 5278 Traiani
3210 5236 3248 5276 a
3274 5215 3595 5295 Babylone
3637 5214 3719 5273 ad
3753 5210 4157 5291 Heroopolim

1268 5321 1585 5398 deductus,
1627 5318 1707 5381 de
1748 5337 1868 5396 quo
1909 5317 2306 5379 Ptolomaeus
2348 5317 2391 5378 l.
2431 5315 2546 5396 IV,
2589 5336 2640 5377 c.
2665 5316 2725 5380 ὅ.
2770 5317 3213 5406 Ἠρωώνπολις,
3248 5306 3317 5381 δι’
3368 5310 3440 5391 ἧς
3479 5313 3587 5382 καὶ
3633 5316 3999 5399 Βαβυλῶνος
4044 5313 4158 5377 πό·

1267 5428 1423 5497 λεως
1472 5427 1775 5510 Τραϊανοῦ
1820 5418 2106 5507 ποταμὸς
2156 5422 2258 5509 ῥεῖ.
2885 5427 2894 5436 “

1428 5518 1455 5554 ⁷
1481 5517 1780 5596 Vulgata:
1814 5539 1846 5574 ‹
1868 5517 1934 5578 in
1959 5524 2191 5579 terram
2217 5516 2461 5579 Gessen
2482 5538 2547 5596 »ς
2571 5516 2684 5579 sed
2706 5514 3139 5595 Septuaginta:
3174 5536 3206 5571 ‹
3233 5518 3298 5580 ἐν
3345 5523 3428 5604 γῇ
3480 5509 3659 5577 Γεσὲν
3709 5510 4006 5600 Ἀραβίας
4033 5533 4096 5574 ».

1432 5615 1457 5653 ⁸
1489 5616 1800 5690 Quattuor
1838 5615 2036 5710 millia
2075 5623 2402 5694 antequam
2440 5615 2737 5678 Arabiam
2776 5613 3149 5695 perveniret,
3183 5610 3506 5673 duodecim
3534 5611 3612 5672 ab
3638 5608 3996 5688 Heroopoli.
