4642 6650
1597 727 1687 770 m:
1732 726 2087 771 uvs‘rmms
2133 728 2220 771 m*
2266 728 2482 772 nrum
3390 710 3471 774 21

600 945 1010 1040 gnificatur
1048 946 1126 1018 in
1164 967 1472 1041 vespere
1490 974 1517 1036 ,·
1555 944 1942 1020 desideriis
1978 946 2270 1037 mundi,
2303 946 2435 1041 qui
2474 947 2616 1020 sub
2650 946 3001 1045 Aegypto
3043 950 3483 1046 frequenter

602 1069 1170 1166 significaturus
1235 1071 1358 1145 sit.
1416 1070 1763 1167 Denique
1823 1072 2057 1146 semel
2128 1074 2443 1145 tantum
2509 1073 2705 1148 hanc
2773 1096 3079 1150 carnem
3153 1078 3480 1172 populus

598 1196 898 1287 habuit,
956 1201 1050 1270 ut
1104 1196 1288 1271 data
1343 1220 1497 1270 non
1552 1198 1652 1271 ad
1710 1221 1930 1271 usum
1994 1199 2504 1272 necessarium
2560 1199 2689 1274 sed
2746 1200 2845 1273 ad
2900 1202 3479 1298 praefiguratio-

599 1324 717 1395 nis
784 1313 1470 1417 significationem¹
1548 1323 1967 1397 doceretur.
2047 1323 2139 1396 In
2212 1347 2497 1397 manna
2564 1347 2747 1400 vero
2824 1328 3235 1421 temptatio
3309 1332 3478 1415 est3

596 1449 1030 1544 temptatur
1083 1449 1284 1521 enim
1341 1470 1475 1542 per
1531 1471 1699 1523 eam
1763 1448 2112 1544 popuIUS,
2171 1452 2435 1523 utrum
2514 1449 2868 1526 obediens
2935 1450 3095 1525 Deo
3171 1451 3483 1526 futurus

600 1572 725 1663 sit,
801 1572 878 1649 id
956 1576 1075 1646 est
1156 1575 1420 1646 utrum
1477 1595 1746 1647 verum
1802 1574 1893 1648 de
1958 1574 2168 1649 coelo
2246 1597 2523 1669 panem
2580 1575 2788 1671 digni
2858 1572 3088 1651 erunt
3159 1599 3482 1666 sumere,

602 1704 685 1774 et
746 1699 1282 1796 temptationis
1317 1690 1346 1732 2
1399 1699 1629 1773 huius
1684 1700 1884 1773 ratio
1961 1699 2053 1775 de
2126 1703 2767 1797 consequentibus
2844 1703 3268 1798 expetenda
3341 1705 3480 1778 est.

600 1825 827 1898 Mane
884 1824 1314 1899 invenitur:
1374 1824 1516 1897 hoc
1572 1825 1777 1897 enim
1832 1824 1911 1896 in
1970 1825 2524 1900 resurrectione
2569 1826 2878 1900 Domini
2934 1827 3280 1902 coelestis
3336 1828 3484 1903 cibi

600 1956 902 2047 tempus
958 1953 1111 2039 est;
1169 1949 1372 2025 idem
1427 1949 1827 2025 universae
1883 1953 2128 2025 aetati
2185 1955 2266 2025 et
2329 1953 2542 2026 sexui
2604 1953 3149 2048 praestituitur
3222 1975 3483 2029 secun-

604 2078 787 2151 dum
840 2080 1207 2152 naturam
1262 2077 1678 2150 humanam
1728 2076 1737 2168 Ι
1789 2077 2308 2167 contrarium3
2389 2079 2692 2174 quando
2760 2078 2962 2152 enim
3026 2079 3486 2154 tantundem
3538 2097 3612 2154 20

603 2202 752 2277 cibi
815 2202 1137 2299 parvulo
1205 2205 1286 2277 et
1348 2202 1515 2277 viro
1572 2202 2078 2277 necessarium
2135 2205 2301 2278 esti
2373 2203 2515 2279 Sed
2591 2205 3006 2279 secundum
3062 2206 3487 2300 spiritalem

603 2327 1330 2422 praeformationem
1377 2328 1860 2422 aptissimum
1899 2331 2039 2419 est,
2082 2328 2514 2424 aequaliter
2550 2327 2923 2403 universis
2960 2330 3268 2403 coelesti
3309 2330 3475 2404 cibo

602 2452 1132 2548 impertiendo,
1174 2454 1272 2526 ad
1327 2453 1701 2529 virtutem
1758 2455 2104 2549 partibus
2162 2455 2594 2530 indiscretO.
2638 2449 3221 2529 Sacramentum
3278 2457 3489 2530 enim

602 2577 1015 2651 scientibus
1070 2578 1438 2673 loquitur,
1497 2600 1651 2651 non
1717 2575 2214 2652 abundante³
2270 2602 2657 2675 quoquam
2724 2580 2816 2653 de
2884 2578 3301 2653 maioribus
3361 2601 3489 2653 ne-

604 2723 752 2799 que
806 2700 1196 2795 indigente
1235 2703 1328 2775 de
1384 2702 1740 2795 minimis,
1801 2706 2227 2800 aequaliter
2283 2705 2570 2779 scilicet
2609 2705 2983 2797 omnibus,
3024 2727 3115 2779 ex
3156 2727 3245 2781 eo
3286 2705 3489 2802 quod

604 2830 1015 2904 discretum
1068 2821 1473 2924 partibus4
1529 2831 1979 2904 sumebatur
2033 2831 2378 2927 expletis
2422 2830 2512 2903 In
2567 2831 2684 2904 his
2741 2833 3025 2921 autem,
3084 2853 3280 2927 quae
3337 2833 3485 2907 col·

601 2954 805 3027 lecta
862 2953 1068 3026 ultra
1133 2974 1569 3027 mensuram
1624 2957 1829 3045 sunt,
1889 2957 1968 3029 et
2023 2956 2104 3027 in
2157 2976 2384 3029 mane
2457 2955 3097 3047 exuberaverunt,
3129 2955 3354 3051 quod
3410 2959 3490 3031 et

604 3078 885 3153 vermis
940 3081 1021 3152 et
1074 3081 1307 3174 putor
1362 3082 1500 3170 est,
1559 3102 1712 3153 non
1769 3081 2219 3175 ambiguum
2283 3082 2423 3170 est,
2492 3102 2643 3170 eOS,
2713 3081 2846 3176 qui
2899 3081 3109 3154 ultra
3163 3083 3489 3157 coeleste

604 3227 884 3277 munus
922 3205 1004 3276 et
1043 3204 1465 3277 doctrinam
1506 3205 1923 3300 spiritalem
1965 3228 2118 3278 non
2156 3205 2577 3280 necessaria
2633 3206 3285 3302 congregaverint,
3329 3229 3490 3283 esse

606 3354 696 3406 ea
752 3333 832 3404 et
883 3324 1114 3404 'sensu
1171 3330 1484 3422 foetida,
1544 3332 1623 3405 id
1679 3335 1797 3406 est
1843 3357 1889 3406 a
1943 3333 2276 3408 veritate
2331 3335 2716 3428 corrupta,
2774 3335 2856 3407 et
2912 3333 3490 3409 daemoniorum

606 3456 814 3531 vitiis
847 3458 1414 3532 effervescentia
1443 3449 1492 3549 ὅ,
1524 3459 1811 3533 scilicet
1840 3459 2228 3534 vermibus
2260 3458 2625 3553 inquieta,
2657 3458 2815 3530 sole
2853 3458 3381 3551 incalescente,
3413 3460 3492 3532 id

609 3586 726 3658 est
766 3582 1090 3673 Christo,
1137 3584 1266 3678 qui
1301 3583 1414 3658 sol
1452 3584 1797 3659 iustitiae
1833 3587 1972 3677 est,
2014 3584 2111 3656 ad
2148 3583 2518 3658 indicium
2568 3585 3008 3658 revertente
3046 3583 3488 3679 quo(n)da1n

606 3707 970 3783 solvenda
1008 3708 1101 3782 de
1139 3708 1453 3804 liquido.
1501 3709 1593 3783 In
1633 3709 1910 3805 duplici
1949 3711 2211 3784 autem
2250 3708 2373 3782 die
2411 3712 2627 3784 sexto
2666 3709 2762 3783 ob
2802 3708 3107 3804 septimi
3144 3709 3488 3805 requiem

609 3855 936 3910 mannae
972 3835 1635 3930 congregationem
1692 3835 2207 3931 spiritualium
2264 3855 2581 3930 operum
2636 3835 3119 3909 accumulata
3174 3856 3489 3930 praepa-

609 3960 808 4033 ratio
865 3958 1369 4048 admonetur;
1408 3960 1879 4057 praeparatis
1919 3960 2135 4034 bonis
2188 3963 2362 4034 tum
2400 3982 2572 4034 cum
2618 3960 2916 4055 requies
2955 3958 3159 4033 adsit
3215 3962 3491 4050 usuris,

611 4084 933 4179 denique
989 4085 1193 4179 quod
1248 4084 1341 4159 de
1396 4087 1611 4159 sexto
1669 4085 1789 4161 die
1853 4089 2221 4180 superest,
2278 4108 2435 4159 non
2491 4086 3037 4181 corrumpitur:
3079 4107 3253 4159 cum
3291 4085 3496 4180 quod

610 4214 829 4286 extra
883 4232 1322 4284 mensuram
1377 4214 1852 4286 caeterorum
1909 4211 2207 4285 dierum
2261 4212 2387 4303 sit,
2427 4210 2739 4284 foeteat.
2799 4209 2925 4284 Ita
2980 4212 3059 4284 et
3111 4210 3255 4300 his,
3299 4232 3496 4304 quae

611 4327 883 4410 extra⁶
927 4337 1431 4432 perscriptum
1487 4337 1666 4430 sint,
1725 4339 2217 4432 praesumpta
2269 4336 2661 4431 'corruptio
2714 4338 2853 4409 est.
2913 4335 3005 4407 In
3058 4335 3204 4409 hoc
3257 4320 3532 4430 igitur'

612 4463 895 4536 aetatis
933 4465 1241 4536 nostrae
1277 4464 1620 4557 tempore
1660 4461 2128 4558 operandum
2166 4464 2305 4552 est,
2348 4483 2499 4556 quo
2528 4460 2649 4534 uti
2685 4460 3057 4555 possimus
3099 4460 3180 4536 in
3205 4461 3493 4555 requie.

611 4587 936 4682 Tempus
994 4590 1256 4662 autem
1294 4587 1523 4661 huius
1559 4587 1756 4661 sexti
1812 4586 2197 4661 millesimi
2252 4580 2488 4660 anni⁷
2520 4589 2657 4676 est,
2718 4585 2923 4681 quod
2977 4586 3118 4659 sub
3175 4607 3494 4659 numero

616 4713 765 4787 diei
802 4714 997 4789 sexti
1037 4712 1533 4808 significatur,
1562 4714 1936 4810 propheta
1975 4713 2273 4788 dicente
2301 4713 2370 4786 ⁸:
2420 4716 2452 4748 “
2485 4712 2679 4798 Quia
2717 4713 2902 4785 anni
2937 4712 3148 4785 mille
3184 4711 3266 4784 in
3321 4733 3495 4786 con-

613 4841 875 4933 spectu
931 4838 1239 4913 Domini
1294 4841 1694 4933 tamquam
1734 4838 1891 4912 dies
1930 4862 2085 4912 una
2126 4894 2189 4926 „.
2239 4837 2500 4911 Alitur
2538 4859 2718 4932 ergo
2772 4837 3097 4933 populus
3155 4837 3276 4911 die
3331 4859 3496 4933 sep·

616 4966 830 5056 tima,
870 4964 949 5037 id
987 4967 1105 5038 est
1139 4966 1402 5059 requie
1442 4964 1774 5054 Domini,
1815 4963 1998 5038 cibis
2034 4962 2277 5059 pridie
2315 4961 2677 5049 conditis3
2721 4964 2802 5035 et
2837 4961 2979 5053 his,
3029 4983 3226 5056 quae
3284 4983 3497 5056 prae-

613 5093 1048 5186 paraverat,
1102 5091 1374 5179 utitur,
1432 5111 1586 5162 non
1641 5092 2082 5183 reperturus
2119 5088 2467 5184 septimo,
2510 5108 2660 5182 quo
2700 5087 2804 5159 ali
2857 5086 3119 5182 possit,
3179 5086 3495 5159 multis⁹

777 5304 794 5337 ¹
829 5293 1301 5374 significandam
1339 5331 1422 5341 —
1463 5304 1484 5336 ²
1516 5295 1921 5376 temptatione
1948 5328 2022 5340 -—
2048 5303 2071 5336 ⁸
2098 5293 2491 5356 habundante
2534 5339 2602 5350 .-
2641 5300 2664 5332 ⁴
2695 5292 2979 5373 patribus
3019 5328 3089 5339 —
3135 5302 3157 5333 ⁶
3189 5298 3255 5354 et
3294 5291 3496 5354 ferve-

622 5393 861 5456 scentis.
907 5430 973 5440 —
1021 5404 1045 5436 ⁶
1077 5401 1247 5457 ostra
1283 5431 1366 5441 —
1408 5403 1429 5435 ⁷
1456 5394 1631 5456 Haec
1672 5392 1877 5473 opinio
1921 5392 1999 5454 de
2044 5393 2254 5454 mundi
2295 5392 2617 5455 duratione
2659 5411 2853 5470 usque
2894 5391 2975 5452 ad
3018 5399 3261 5454 sextum
3300 5392 3496 5453 mille·

617 5493 855 5555 narium
898 5515 935 5555 a
973 5494 1035 5556 S.
1078 5495 1428 5574 Augustino
1471 5494 1535 5555 in
1574 5492 1806 5555 Psalm.
1849 5495 1946 5572 69,
1990 5499 2172 5571 atque
2215 5494 2293 5554 ab
2345 5492 2504 5570 aliis,
2547 5492 2710 5553 iuste
2750 5491 3061 5553 refellitur
3100 5521 3172 5534 —
3215 5501 3236 5532 ⁸
3264 5490 3498 5553 Psalm.

624 5592 999 5672 LXXXIX,
1043 5595 1100 5671 4,
1147 5599 1211 5655 et
1250 5593 1479 5654 Petrus
1520 5593 1585 5653 in
1626 5613 1719 5670 ep.
1762 5593 1848 5670 Π,
1894 5593 1949 5669 3,
1991 5593 2031 5651 8
2070 5622 2143 5632 —
2184 5603 2207 5634 ⁹
2235 5591 2432 5652 multi.
