4642 6650
1195 791 1320 854 138
2369 808 2569 853 parm
2613 807 2891 855 uncos!

1189 1026 1322 1120 qui
1376 1047 1510 1124 per
1565 1025 1900 1121 spatium
1953 1025 2241 1122 grande
2294 1048 2522 1121 super
2574 1048 2787 1101 mare
2849 1048 3189 1103 rosseum
3244 1027 3468 1118 iacet,
3526 1028 3846 1102 rubrum
3898 1049 4059 1102 ros·

1186 1173 1401 1228 seum
1438 1152 1773 1249 lapidem
1807 1152 2093 1227 habeat
2128 1151 2251 1227 vel
2289 1152 2914 1250 porphyreticum
2944 1144 2963 1187 ¹
2995 1175 3012 1227 ε
3054 1176 3237 1227 nam
3273 1156 3355 1228 et
3391 1153 3549 1249 ipse
3587 1175 3805 1228 mons
3835 1153 4061 1249 quasi

1185 1299 1439 1353 rosseo
1478 1279 1727 1354 colore
1771 1281 1910 1353 est.
1953 1277 2097 1364 Qui
2131 1281 2396 1381 tamen
2447 1299 2662 1352 mons
2701 1277 2852 1352 fuit
2889 1278 2969 1351 in
3024 1277 3293 1353 dextro
3329 1269 3359 1312 ²
3412 1277 3589 1353 filiis
3644 1276 3881 1354 Israel
3936 1278 4057 1351 fu·

1186 1404 1568 1501 gientibus
1623 1403 1717 1478 de
1772 1402 2147 1501 Aegypto,
2195 1404 2330 1478 ubi
2366 1407 2630 1479 tamen
2668 1406 3082 1501 coeperunt
3118 1425 3199 1479 se
3241 1403 3341 1478 ad
3393 1425 3606 1478 mare
3660 1404 4063 1502 appropin-

1188 1551 1466 1627 quare:
1540 1552 1721 1603 nam
1793 1529 2276 1604 venientibus
2333 1528 2426 1604 de
2499 1529 2854 1627 Aegypto
2910 1529 3009 1603 ad
3074 1529 3469 1605 dexteram
3535 1532 3837 1626 partem
3903 1531 4063 1627 ipse

1187 1677 1406 1730 mous
1460 1658 1579 1730 est
1633 1658 1928 1730 erectus
1982 1654 2206 1729 valde
2245 1658 2328 1729 et
2366 1649 2704 1730 eicelsus
2741 1655 2955 1746 satie,
2996 1678 3084 1731 ac
3119 1656 3186 1731 si
3222 1655 3495 1752 parieS‚
3552 1678 3780 1753 quem
3834 1660 4065 1753 putas

1188 1806 1424 1856 manu
1476 1781 1874 1856 hominum
1913 1779 2246 1856 excisum
2287 1801 2471 1855 esse.
2511 1780 2682 1877 Ipse
2719 1784 2984 1856 autem
3022 1804 3237 1856 mons
3276 1780 3536 1855 aridus
3573 1784 3693 1856 est
3734 1781 4062 1878 penitae,

1189 1908 1304 1981 ita
1332 1910 1423 1981 ut
1451 1927 1587 1981 nec
1625 1905 1979 1980 fruticem
2019 1906 2099 1980 in
2136 1927 2215 1981 se
2252 1905 2489 1980 habet
2515 1896 2565 1980 ⁸.
2597 1905 2776 1980 Filii
2813 1909 3077 1982 autem
3103 1907 3339 1981 Israel
3376 1909 3745 1984 exeuntes
3783 1906 3876 1982 de
3906 1907 4060 1982 Ra-

1190 2053 1431 2107 messe
1464 2024 1514 2123 ⁴¹,
1553 2031 1879 2127 primum
1921 2052 2054 2127 per
2107 2029 2397 2105 medias
2451 2030 2775 2105 harenas
2830 2030 3153 2107 errando
3209 2031 3826 2123 ambulaverunt,
3883 2055 4056 2108 cum

1190 2179 1375 2234 vero
1431 2156 1530 2232 ad
1583 2179 1793 2231 mare
1829 2157 2152 2231 rubrum
2188 2155 2900 2252 appropriaverunt,
2939 2159 3128 2231 tunc
3163 2178 3382 2231 mons
3421 2156 3514 2231 de
3555 2156 3825 2232 dextro
3880 2157 4060 2248 illis,

1192 2284 1324 2381 qui
1377 2283 1818 2380 apparebat,
1875 2282 1956 2355 in
2012 2281 2356 2378 proximo
2413 2282 2661 2356 factus
2699 2283 2838 2371 est,
2891 2284 2972 2356 et
3026 2282 3426 2377 iungentes
3482 2303 3561 2357 se
3617 2282 3761 2379 ipsi
3817 2285 4066 2358 monti

1191 2410 1648 2508 perveniunt
1703 2407 1800 2481 ad
1855 2429 2105 2482 mare:
2165 2408 2371 2481 latus
2426 2410 2689 2482 autem
2729 2406 3014 2481 montis
3051 2406 3259 2481 illius
3312 2407 3591 2483 excelsi
3647 2406 3740 2483 de
3794 2408 4066 2483 dextro

1193 2534 1344 2608 illis
1399 2533 1759 2608 veniebat
1812 2536 1891 2606 et
1946 2553 2158 2606 mare
2213 2531 2307 2606 de
2362 2531 2700 2621 sinistrO,
2757 2533 2945 2607 tunc
2990 2531 3247 2606 subito
3302 2531 3664 2607 euntibus
3719 2530 3826 2607 eis
3882 2536 4066 2609 ante

1191 2661 1440 2757 ipsum
1494 2657 1852 2756 apparuit
1904 2659 2114 2733 locus
2169 2657 2352 2753 ipse,
2414 2657 2546 2732 ubi
2582 2679 2798 2732 mons
2835 2656 2914 2730 in
2953 2679 3165 2732 mare
3208 2656 3599 2753 iungebat,
3661 2658 3892 2732 immo
3949 2657 4067 2732 in-

1192 2783 1705 2880 grediebatur,
1764 2782 1897 2857 ubi
1934 2782 2458 2879 promontoria
2496 2781 2812 2856 faciunt.
2854 2780 3180 2879 Campus
3216 2784 3480 2857 autem
3518 2782 3701 2877 ipse,
3742 2783 3876 2856 ubi
3928 2782 4068 2856 filii

1192 2909 1431 2982 Israel
1485 2911 1708 2984 nocte
1762 2908 1899 2982 illa
1952 2911 2407 2983 manserunt
2443 2928 2618 2982 cum
2664 2906 2947 3004 Moyse,
2987 2907 3336 2983 infinitus
3374 2909 3516 2998 est,
3568 2911 3652 2982 et
3705 2907 4067 3003 planities

1195 3035 1358 3109 eius
1392 3035 1655 3130 ingens
1682 3024 1731 3107 ⁵.
1771 3033 2032 3108 Distat
2068 3056 2254 3109 vero
2285 3033 2522 3120 locus,
2556 3032 2686 3106 ubi
2724 3032 3099 3108 incumbit
3127 3055 3344 3108 mons
3371 3034 3451 3107 in
3481 3056 3691 3108 mare
3729 3057 3777 3107 a
3815 3035 4068 3123 castro

1194 3159 1490 3234 Clesma
1525 3181 1788 3255 passus
1824 3157 2281 3254 quingentos
2305 3148 2358 3231 ⁶.
2396 3156 2613 3231 Inter
2648 3160 2986 3232 castrum
3020 3161 3286 3232 autem
3322 3162 3403 3233 et
3439 3159 3685 3256 ipsum
3725 3161 4068 3234 montem

1195 3283 1491 3360 medius
1545 3286 1665 3359 est
1734 3284 1944 3360 locus
1999 3307 2047 3359 a
2100 3283 2666 3380 promonctorio
2739 3283 3043 3374 montis,
3103 3283 3238 3357 ubi
3308 3283 3628 3381 ingressi
3691 3287 3876 3359 sunt
3927 3282 4071 3358 filii

1193 3409 1432 3485 Israel
1486 3409 1567 3483 in
1623 3431 1832 3484 mare
1886 3412 1966 3484 et
2022 3409 2321 3483 Pharao
2379 3430 2554 3483 cum
2607 3408 2736 3484 eis,
2778 3408 3174 3483 Traiectus
3228 3413 3515 3502 autem,
3554 3409 3688 3483 ubi
3742 3410 4070 3484 transie-

1193 3538 1380 3610 runt
1436 3536 1628 3610 sicco
1685 3534 1874 3631 pede
1929 3556 2144 3609 mare
2210 3535 2554 3625 rubrum,
2612 3533 2848 3609 habet
2902 3536 3074 3609 octo
3132 3534 3346 3608 milia
3392 3557 3658 3631 passus
3694 3533 3776 3607 in
3814 3528 3972 3609 lato
4013 3526 4065 3608 ⁷.

1355 3776 1376 3812 ¹
1418 3776 1595 3838 Mare
1632 3777 1883 3863 rubrum
1926 3795 2003 3838 ex
2061 3776 2253 3838 rubeo
2306 3776 2607 3838 montium
2648 3776 2801 3838 litus
2867 3776 3228 3857 aegyptium
3287 3776 3799 3841 constituentium
3848 3776 4071 3855 colore,

1192 3876 1300 3955 qui
1338 3875 1545 3956 lapide
1586 3874 2021 3955 porphyretico
2062 3874 2344 3951 efficitur,
2385 3894 2606 3936 nomen
2662 3875 2931 3937 traxisse
2991 3875 3426 3939 Artemidorus
3484 3876 3776 3959 ephesius
3842 3876 4075 3957 (Strab.

1192 3975 1236 4036 l.
1277 3974 1422 4054 XV,
1460 3993 1522 4054 p.
1565 3974 1729 4053 533),
1773 3973 2069 4052 multique
2097 3973 2514 4053 antiquissimi
2577 3973 2914 4053 scriptores
2976 3981 3142 4037 teste
3197 3975 3663 4054 Agatharchide
3729 3975 3820 4057 (in
3860 3973 4076 4036 Photii

1192 4071 1354 4133 Bibl.
1397 4070 1530 4134 cod.
1572 4071 1717 4150 250)
1761 4070 2045 4132 arbitrati
2086 4079 2250 4133 sunt.
2292 4071 2537 4134 Plinius
2577 4071 2765 4133 etiam
2805 4073 3025 4135 scribit
3065 4074 3173 4155 (H.
3215 4074 3295 4137 N.
3325 4074 3439 4152 VI,
3481 4094 3533 4135 c.
3563 4075 3668 4156 35)
3696 4095 3711 4134 ε
3740 4073 4074 4157 ‹continui

1200 4177 1438 4233 montes
1480 4169 1844 4233 ardentibus
1886 4169 2121 4230 similes
2162 4170 2390 4231 rubent
2426 4193 2483 4230 ι».

1357 4267 1382 4303 ²
1421 4267 1698 4329 Montem
1739 4266 1816 4327 ab
1858 4265 2064 4328 arabis
2103 4267 2340 4328 dictum
2380 4268 2609 4345 Maka,
2651 4269 2756 4347 qui
2800 4270 2883 4331 ad
2921 4291 3091 4333 mare
3131 4255 3386 4332 rubrum
3445 4290 3637 4351 prope
3689 4270 3848 4333 Sues
3886 4268 4083 4353 porri-

1199 4367 1385 4446 gitur,
1425 4364 1914 4427 luculentissime
1955 4352 2300 4444 Peregrina
2340 4366 2638 4440 ostendit,
2659 4387 2817 4446 quae
2842 4373 3064 4446 postea
3091 4365 3170 4427 de
3201 4365 3523 4444 Clysmate
3548 4360 3803 4443 loquuta
3834 4363 4079 4425 addidit

1199 4466 1449 4546 (Pereg.
1490 4486 1552 4545 p.
1592 4465 1737 4545 47):
1784 4486 1816 4521 (ι
1857 4464 2029 4524 iuxta
2069 4463 2232 4527 latus
2273 4465 2520 4543 montis,
2577 4454 2760 4544 quem
2814 4465 3103 4546 superius
3154 4463 3305 4543 dixi,
3358 4463 3465 4524 ubi
3514 4463 3628 4525 filii
3682 4462 3884 4526 Israel
3936 4483 4076 4525 cum

1203 4561 1513 4625 vidissent
1552 4560 1861 4641 Egyptios
1901 4569 2047 4641 post
2090 4583 2158 4624 se
2199 4562 2526 4625 venientes
2566 4563 3068 4626 exclamaverunt
3110 4586 3166 4623 ι».
4072 4641 4081 4651 ·

1356 4660 1382 4698 ³
1421 4660 1516 4722 of.
1559 4662 1786 4739 Pereg.
1826 4680 1886 4740 p.
1931 4662 2047 4722 39:
2096 4684 2127 4717 (ι
2170 4681 2347 4723 mons
2389 4669 2640 4724 sanctus
2671 4662 2843 4742 Syna
2886 4669 3056 4723 totus
3083 4662 3366 4740 petrinus
3398 4660 3502 4741 sit,
3550 4660 3642 4722 ita
3681 4667 3754 4722 ut
3793 4680 3923 4727 neo.
3953 4657 4074 4721 fru-

1200 4760 1387 4822 ticem
1426 4759 1670 4821 habeat.
1714 4783 1746 4818 ›
3343 4842 3348 4848 Δ

1360 4859 1388 4925 ‚⁴-
1424 4858 1682 4937 Peregr.
1724 4878 1784 4938 p.
1824 4861 1943 4919 46:
1994 4880 2026 4917 ς
2066 4857 2220 4919 Filii
2259 4857 2462 4919 Israel
2502 4868 2801 4922 exeuntes
2842 4858 2921 4919 de
2962 4857 3269 4919 Ramesse
3312 4880 3368 4917 ι».

1359 4955 1384 4992 ⁵
1423 4957 1732 5019 Planities
1774 4976 2048 5033 arenosa,
2092 4955 2171 5018 de
2196 4977 2317 5034 qua
2340 4957 2568 5036 agitur,
2591 4978 2629 5019 a
2650 4958 2810 5020 Sues
2853 4957 3068 5037 Ajrud
3093 4976 3318 5018 versus
3357 4955 3484 5017 late
3509 4960 3704 5034 patet,
3758 4953 4081 5017 Robinson

1201 5054 1366 5118 Bibl.
1407 5055 1810 5133 Researches,
1852 5055 1905 5135 1,
1947 5077 2011 5136 p.
2051 5058 2132 5116 49
2175 5063 2241 5117 et
2281 5075 2451 5133 seqq.

1358 5155 1383 5190 ⁶
1421 5154 1524 5216 Ab
1566 5155 1957 5217 extremitate
1999 5153 2405 5235 promontorii
2448 5172 2641 5234 prope
2683 5154 2843 5216 Suez
2885 5173 3083 5232 usque
3125 5151 3204 5213 ad
3265 5149 3634 5228 colliculum,
3687 5150 3793 5213 ubi
3832 5149 4082 5230 parieti·
4182 5230 4195 5245 ⁸

1200 5272 1319 5317 nae
1359 5253 1499 5315 aevi
1539 5252 1774 5315 romani
1814 5252 2161 5315 etiamnunc
2201 5252 2615 5331 reperiuntur,
2646 5254 2777 5333 (qui
2817 5251 2996 5314 collis
3025 5257 3314 5329 corrupto
3342 5248 3591 5327 antiquo
3621 5248 3862 5310 nomine
3904 5248 4085 5337 Olys7

1206 5349 1391 5411 matis
1431 5360 1688 5413 vocatur
1735 5353 1863 5412 Tell
1900 5351 2184 5431 Kolzum)
2227 5350 2531 5429 perbreve
2596 5349 2996 5415 intervallum
3057 5350 3238 5425 iacet,
3279 5347 3346 5408 in
3385 5367 3506 5425 quo
3548 5347 3848 5410 transitus
3888 5346 4078 5410 maris

1202 5447 1373 5508 rubri
1412 5448 1715 5511 accidisse
1756 5450 2111 5530 putabatur.

1363 5545 1388 5582 ⁷
1428 5548 1487 5610 A
1526 5548 1713 5611 litore
1753 5548 2045 5628 aegyptio
2087 5547 2169 5608 ad
2209 5534 2561 5627 oppositum
2603 5547 2840 5611 indicat
2869 5545 3025 5609 illud
3055 5544 3345 5626 spatium,
3366 5541 3532 5622 quod
3559 5563 3721 5608 nuno
3746 5552 3891 5607 ante
3922 5544 4078 5608 Sues

1205 5646 1517 5725 aliquanto
1557 5649 1761 5712 minus
1800 5647 2114 5728 panditur.
