4642 6650
1212 792 1330 844 xvl
2464 800 2833 849 PRAEFATIO

1211 1013 1597 1112 Mysteriis
1648 1015 2139 1113 intellexerit,
2168 1019 2285 1095 ita
2321 1019 2764 1113 declaravit,
2805 1024 2898 1096 ut
2933 1021 3214 1097 mirum
3250 1024 3373 1117 sit,
3413 1026 3755 1101 virorum
3794 1028 4071 1104 doctis·

1210 1157 1579 1234 simorum
1633 1162 2054 1239 sententias
2104 1163 2188 1238 in
2243 1163 2731 1257 coniiciendO,
2772 1165 2954 1263 quid
2992 1167 3074 1241 in
3118 1188 3207 1243 eo
3264 1190 3490 1265 opere
3526 1170 3672 1246 sibi
3711 1172 4075 1264 voluerit,

1209 1302 1520 1375 tantum
1574 1324 1624 1376 a
1675 1302 2007 1380 veritate
2061 1305 2475 1382 aberrasse.
2534 1306 2734 1381 Nam
2791 1307 2872 1381 in
2924 1308 3121 1383 libro
3185 1311 3456 1406 quinto
3530 1311 3623 1388 de
3697 1313 4078 1389 Trinitate

1176 1442 1400 1534 ⁴haec
1452 1444 1791 1542 scripsit:
1858 1450 1891 1482 “
1931 1446 2173 1524 Tenet
2227 1448 2476 1525 adhuc
2531 1451 2992 1526 sacramenti
3045 1453 3465 1550 evangelici
3518 1454 3708 1552 legis
3778 1456 4073 1548 umbra,

1217 1644 1250 1678 ‚,
1287 1592 1370 1666 et
1421 1591 1882 1687 apostolicae
1936 1592 2329 1669 doctrinae
2382 1595 2793 1671 veritatem
2850 1598 3236 1693 mysteriis
3274 1599 3431 1675 suis
3465 1601 3772 1675 aemula
3806 1603 4075 1698 praefi-

1216 1788 1250 1822 „
1286 1736 1601 1828 gurat„.
1624 1733 1914 1810 Deinde
1939 1737 2364 1811 tractatum
2387 1738 2959 1835 Mysteriorum,
2995 1763 3145 1836 quo
3172 1741 3367 1815 nihil
3397 1745 3650 1839 potest
3678 1743 4072 1837 difficilius,

1205 1899 1625 1974 aggressus,
1667 1879 1865 1956 hanc
1901 1881 2249 1956 eamdem
2285 1882 2597 1957 illorum
2637 1882 3168 1961 definitionem
3207 1886 3952 1986 declarationemque
3995 1889 4074 1962 in

1203 2022 1512 2098 exordio
1567 2024 2014 2121 profitetur:
2080 2030 2114 2063 ‘¹‘
2154 2026 2391 2102 Omne
2446 2029 2706 2103 autem
2767 2049 2956 2125 opus
3010 2029 3216 2126 quod
3267 2031 3500 2106 sacris
3555 2031 4076 2108 voluminibus
4151 2098 4162 2107 .

1214 2221 1247 2256 „
1284 2166 1748 2263 continetur,
1787 2170 2207 2247 adventum
2240 2170 2552 2245 Domini
2605 2172 2853 2247 nostri
2904 2171 3083 2248 Iesu
3122 2172 3405 2248 Christi
3446 2176 3526 2249 et
3562 2175 3788 2285 factis
3826 2177 4071 2274 expri-

1213 2368 1246 2403 „
1283 2313 1431 2389 mit
1475 2318 1559 2392 et
1591 2315 1994 2391 confirmat
2030 2317 2393 2414 exemplis
2423 2373 2497 2414 „.
2540 2317 2814 2394 Procul
2850 2317 3092 2415 igitur
3128 2318 3360 2393 dubio
3398 2319 3521 2394 hic
3557 2322 3942 2396 tractatus
3980 2321 4073 2395 de

1201 2456 1610 2556 MysteriiS,
1668 2480 1895 2556 quem
1948 2459 2032 2534 in
2084 2482 2356 2535 manus
2411 2459 2807 2553 habemus,
2865 2483 2924 2534 s.
2979 2460 3278 2535 Hilario
3316 2484 3405 2537 ex
3447 2462 3629 2558 ipsis
3686 2465 3851 2539 eius
3905 2485 4072 2539 sen-

1200 2603 1469 2678 tentiis
1521 2603 2057 2680 adscribendus
2113 2607 2254 2679 est.
2315 2603 2389 2679 S.
2432 2604 2995 2703 Hieronymum
3031 2608 3308 2720 testem
3346 2607 3827 2703 protulimus,
3863 2607 4073 2682 Hila-

1199 2746 1402 2820 rium
1454 2746 1997 2845 Mysteriorum
2052 2747 2336 2822 librum
2390 2748 2828 2824 confecisse.
2890 2749 3066 2825 Non
3121 2773 3393 2846 parum
3448 2750 3721 2827 deinde
3757 2751 3855 2826 ad
3908 2774 4066 2828 rem

1198 2886 1496 2963 confert
1550 2889 1824 2965 codicis
1878 2890 2391 2987 antiquissimi
2445 2893 2749 2982 tituluS,
2808 2895 3041 2988 atque
3097 2893 3381 2968 notitia
3436 2893 3596 2985 illa,
3658 2894 3863 2990 quod
3922 2894 4070 2969 De·

1196 3028 1520 3106 siderius
1574 3033 1811 3108 abbas
1866 3035 2365 3133 exemplanda
2417 3036 2802 3133 praecepit
2855 3060 2914 3111 s.
2972 3036 3246 3111 Hilarii
3323 3060 3576 3134 opera,
3633 3039 3714 3111 in
3791 3038 4068 3135 quibus

1196 3170 1567 3268 Mysteria
1620 3175 2249 3252 adnumerantur.
2306 3178 2718 3254 Praeterea
2772 3201 2934 3254 rem
2987 3178 3229 3275 ipsam
3286 3180 3640 3275 probant,
3700 3203 3895 3276 quae
3931 3181 4064 3255 Hi·

1196 3313 1436 3391 larius
1490 3319 1880 3417 explicuit,
1938 3323 2423 3417 argumenta,
2466 3345 2813 3420 quaeque
2852 3321 3043 3397 alias
3083 3322 3244 3398 fere
3281 3321 3551 3399 iisdem
3590 3323 3841 3400 verbis
3878 3347 4064 3399 non-

1197 3482 1619 3558 numquam
1672 3463 2017 3561 tetigisse
2074 3464 2424 3541 videtur.
2458 3465 2804 3563 Denique
2860 3465 3002 3540 sibi
3060 3465 3203 3541 hoc
3259 3488 3448 3562 opus
3515 3466 3675 3562 ipse
3730 3466 4069 3542 vindicat

1195 3601 1376 3677 stilo
1431 3626 1569 3678 suo
1625 3604 2015 3701 peculiari,
2073 3608 2326 3698 acuto,
2384 3585 2668 3682 difficili
2724 3608 3043 3704 aedep01
3100 3610 3182 3682 et
3235 3608 3638 3683 laborioso.

1356 3745 1944 3844 Subsequuntur
2021 3747 2313 3846 Hymni
2366 3771 2427 3823 s.
2482 3749 2779 3825 Hilario
2863 3750 3249 3846 adscripti,
3333 3772 3428 3825 ex
3510 3750 3787 3846 quibus
3866 3765 4066 3826 unus

1191 3890 1504 3965 tantum
1557 3893 1925 3988 superest,
1981 3891 2196 3967 cuius
2252 3895 2335 3968 et
2389 3891 2559 3967 finis
2614 3893 3132 3969 desideratur:
3190 3892 3315 3968 hic
3368 3892 3561 3989 prim
3574 3915 3660 3967 us
3723 3892 4064 3989 profecto

1192 4033 1334 4125 est,
1392 4055 1617 4129 quem
1673 4034 1754 4108 in
1808 4035 2004 4110 libro
2060 4034 2544 4133 Hymnorum
2598 4037 2758 4132 ipse
2803 4039 3150 4114 inseruit.
3192 4037 3372 4111 Mox
3409 4036 3657 4111 multa
3693 4036 3775 4110 in
3811 4036 4064 4113 codice

1191 4171 1491 4268 desunt,
1549 4175 1754 4272 quod
1809 4198 1942 4252 sex
1977 4178 2323 4274 pagellae
2361 4179 2762 4254 interiores
2800 4202 2842 4254 e
2909 4180 3414 4277 quaternione
3480 4179 3797 4255 avulsae
3853 4181 4060 4254 sunt.
4136 4244 4144 4250 .

1193 4317 1532 4418 Septima
1585 4344 1768 4398 vero
1824 4325 2059 4419 atque
2113 4326 2392 4400 octava
2445 4323 2635 4398 duos
2691 4325 3016 4422 hymnos
3069 4348 3224 4400 non
3279 4324 3617 4420 integros
3691 4323 4061 4420 complec-

1189 4461 1509 4539 tuntur:
1567 4487 1897 4560 quorum
1950 4465 2282 4562 primum
2334 4488 2491 4540 non
2544 4465 2786 4542 edidit
2839 4466 3202 4559 HilariuS,
3244 4467 3374 4543 sed
3410 4466 3846 4563 spectabilis
3900 4466 4060 4542 foe·

1188 4607 1399 4682 mina
1452 4607 1746 4701 cecinit,
1802 4608 2108 4705 ingenio
2162 4609 2515 4707 praedita
2566 4611 3253 4708 praestantissimO,
3329 4611 3424 4686 ab
3501 4610 3809 4688 ethnica
3882 4612 4058 4687 reli-

1186 4755 1411 4848 gione
1466 4751 1565 4826 ad
1618 4751 2118 4828 christianam
2172 4753 2531 4829 adducta.

1343 4892 1564 4969 Fides
1646 4896 1739 4968 ut
1816 4892 1898 4967 in
1977 4895 2258 4990 populo
2343 4895 2802 4988 firmaretur,
2858 4894 3115 4970 Iesum
3171 4895 3561 4972 Christum
3617 4896 3761 4972 Dei
3816 4894 4062 4970 filium

1183 5034 1752 5112 humanitatem
1805 5037 1888 5110 in
1942 5036 2351 5113 divinitate
2427 5040 2940 5137 assumpsisse,
3020 5041 3352 5136 primum
3431 5041 3636 5116 hunc
3719 5040 4060 5116 Hilarius

1183 5180 1557 5280 hymnum
1611 5183 2119 5259 elucubravit.
2175 5183 2380 5259 Illud
2440 5190 2561 5261 est
2615 5184 3406 5277 animadvertendum,
3465 5207 3765 5260 sensum
3826 5187 4060 5281 atque

1185 5347 1494 5401 versum
1546 5327 1628 5401 in
1684 5326 1924 5403 divini
1978 5329 2415 5425 argumenti
2470 5329 2907 5404 subtilitate
2973 5329 3281 5422 irretiri,
3357 5330 3866 5426 obscurosque
3921 5328 4059 5402 ali-

1186 5471 1490 5567 quando
1546 5471 1733 5548 fieri.
1775 5472 1988 5559 Quod
2024 5471 2364 5548 Hilarius
2401 5474 2941 5571 praesentiens,
2979 5473 3284 5550 litteras
3321 5475 3683 5572 cuiusque
3722 5474 4056 5570 strophis

1184 5616 1593 5693 acrosticas
1629 5617 2108 5714 alphabetico
2147 5618 2413 5694 ordine
2451 5619 2850 5716 disposuit,
2886 5620 2982 5693 ut
3017 5619 3298 5715 populo
3347 5618 3654 5695 canenti
3691 5619 4059 5695 memoria
