4642 6650
1530 787 1616 831 AD
1666 785 1836 830 noca
1885 785 2141 832 sAsc'rA
2188 787 2297 831 Ax.
2348 791 2549 833 sss-sas
3396 756 3483 834 59

1258 878 1381 884 --—-.
1406 878 1419 883 -
1456 877 1537 883 ——·-
1562 876 1661 884 .-⁴=.--
1908 878 1977 883 -.-

581 1005 782 1080 Nam
836 1005 1012 1080 inde
1068 1005 1320 1080 adhuc
1374 1004 1480 1079 sic
1534 1004 1599 1078 si
1657 1005 1827 1100 quis
1886 1005 2146 1079 subito
2203 1006 2425 1080 iuxta
2464 1007 2610 1080 sibi
2647 1008 2818 1082 vult
2866 1008 3114 1083 facere
3166 1007 3480 1082 domum

584 1134 664 1206 et
719 1132 1245 1221 fundamenta,
1306 1131 1481 1207 inde
1530 1131 1891 1226 configet,
1952 1132 2410 1227 aliquotiens
2469 1135 2551 1206 et
2601 1133 2691 1206 de
2752 1137 3070 1230 argento
3129 1137 3210 1208 et
3263 1136 3487 1207 hera-

586 1260 846 1331 mento
902 1256 1199 1331 modica
1254 1256 1611 1331 frustella
1668 1257 1776 1330 ibi
1836 1257 2158 1331 invenit.
2220 1257 2421 1332 Nam
2476 1262 2557 1332 et
2613 1262 2821 1334 certa
2878 1262 3024 1351 via,
3082 1284 3311 1355 quam
3371 1260 3479 1333 vi·

587 1383 783 1458 detis
836 1382 1167 1457 transire
1223 1382 1425 1456 inter
1480 1382 1802 1458 fiuvium
1858 1384 2265 1458 Iordanem
2326 1388 2407 1459 et
2471 1386 2727 1459 vicum
2793 1388 3053 1477 istum,
3121 1387 3305 1461 haec
3360 1390 3480 1461 est

589 1530 743 1603 qua
796 1508 925 1582 via
979 1530 1361 1603 regressus
1427 1511 1546 1583 est
1598 1511 1910 1583 sanctus
1981 1509 2317 1583 Abraam
2384 1510 2475 1583 de
2543 1511 2718 1585 cede
2787 1511 3418 1606 Chodollagomor

587 1635 785 1728 regis
812 1634 1182 1729 gentium,
1214 1638 1613 1709 revertens
1639 1634 1719 1707 in
1752 1634 2120 1725 Sodomis,
2158 1637 2462 1731 quando
2495 1637 2564 1710 ei
2595 1637 2924 1711 occurrit
2951 1640 3258 1711 sanctus
3289 1636 3473 1715 Mel-

589 1758 981 1833 chisedech
1036 1781 1171 1832 rex
1229 1758 1507 1834 Salem.
1550 1760 1759 1835 Tunc
1798 1783 1977 1858 ergo
2035 1761 2215 1857 quia
2252 1762 2684 1837 retinebam
2723 1763 3092 1857 scriptum
3132 1785 3294 1837 esse
3335 1763 3476 1836 ba-

588 1882 913 1978 ptizasse
969 1886 1320 1957 sanctum
1366 1884 1784 1959 Iohannem
1821 1886 1899 1959 in
1942 1886 2157 1959 Enon
2190 1888 2407 1960 iuxta
2458 1886 2689 1961 Salim
2723 1882 2775 1978 ³,
2817 1888 3185 1984 requisivi
3230 1887 3321 1960 de
3365 1910 3487 1962 eo,

591 2031 819 2102 quam
877 2008 1102 2104 longe
1159 2012 1359 2083 esset
1414 2010 1574 2104 ipse
1631 2010 1862 2085 locus.
1924 2012 2136 2086 Tunc
2193 2012 2312 2085 ait
2345 2013 2473 2086 ille
2513 2016 2820 2086 sanctus
2861 2014 3272 2108 presbiter:
3315 2035 3483 2087 ecce

590 2134 713 2208 hic
752 2138 870 2209 est
909 2134 987 2207 in
1028 2134 1375 2210 ducentis
1433 2136 1778 2230 passibus
1806 2127 1871 2224 3;
1932 2161 2110 2209 nam
2168 2140 2234 2210 si
2288 2138 2429 2227 vis,
2470 2160 2636 2212 ecce
2675 2139 2899 2212 modo
2940 2139 3255 2235 pedibus
3296 2139 3487 2212 duco

593 2281 728 2334 vos
766 2259 896 2332 ibi.
940 2259 1134 2332 Nam
1193 2250 1387 2334 haec.
1434 2285 1638 2357 aqua
1694 2265 1857 2335 tam
1914 2263 2221 2359 grandis
2279 2266 2362 2337 et
2416 2266 2579 2336 tam
2638 2288 2851 2359 pura,
2913 2289 3145 2360 quam
3203 2264 3486 2340 videtis

593 2384 674 2457 in
730 2386 878 2459 isto
938 2386 1126 2475 vico,
1171 2386 1260 2460 de
1297 2386 1457 2482 ipso
1516 2386 1729 2462 fonte
1776 2389 2013 2463 venit.
2061 2390 2269 2463 Tunc
2307 2406 2487 2485 ergo
2525 2392 2817 2486 gratias
2855 2391 2926 2464 ei
2966 2413 3196 2486 agere
3249 2394 3484 2487 coepi,

598 2513 679 2583 et
733 2531 1033 2605 rogare,
1092 2514 1182 2584 ut
1237 2510 1552 2586 duceret
1606 2536 1743 2586 nos
1802 2514 1898 2587 ad
1953 2515 2231 2603 locum,
2291 2515 2493 2589 sicut
2549 2519 2629 2589 et
2667 2514 2956 2590 factum
2995 2521 3134 2590 est.
3197 2514 3484 2595 Statim

595 2657 774 2732 ergo
830 2637 1163 2733 cepimus
1217 2638 1332 2711 ire'
1384 2660 1555 2711 cum
1613 2660 1702 2713 eo
1741 2641 2059 2735 pedibus
2098 2644 2352 2714 totum
2393 2663 2526 2735 per
2565 2640 2845 2715 vallem
2886 2642 3482 2729 amenissimam,

605 2760 844 2836 donec
897 2765 1468 2857 perveniremus
1525 2786 1766 2859 usque
1821 2765 1918 2837 ad
1974 2767 2287 2839 hortum
2345 2765 2777 2860 pomarium
2831 2767 3057 2842 valde
3099 2790 3483 2857 amenum,

604 2886 734 2959 ubi
792 2887 1131 2960 ostendit
1185 2887 1404 2961 nobis
1460 2890 1537 2961 in
1594 2890 1842 2963 medio
1900 2890 2191 2964 fontem
2252 2913 2499 2985 aquae
2558 2890 2843 2984 optime
2902 2892 3089 2964 satis
3155 2896 3235 2967 et
3274 2915 3484 2988 pure,

605 3010 785 3104 quia
823 3010 1056 3083 semel
1095 3011 1483 3106 integrum
1518 3012 1843 3087 fluvium
1901 3013 2364 3087 demittebat
2392 3009 2440 3089 ⁴.
2481 3014 2839 3087 Habebat
2885 3018 3151 3090 autem
3189 3020 3370 3090 ante
3409 3039 3489 3090 se

609 3135 763 3228 ipse
821 3135 991 3209 fons
1045 3137 1263 3230 quasi
1317 3137 1593 3227 lacum,
1657 3139 1785 3211 ubi
1842 3139 2164 3234 parebat
2221 3139 2454 3213 fuisse
2521 3143 2923 3235 operatum
2961 3143 3311 3215 sanctum
3367 3140 3484 3213 Io-

609 3254 939 3334 hannem
969 3261 1409 3356 baptistam.
1443 3262 1653 3339 Tunc
1682 3264 1877 3338 dixit
1914 3264 2132 3339 nobis
2168 3266 2328 3361 ipse
2367 3268 2677 3341 sanctus
2710 3267 3124 3361 presbiter:
3157 3267 3233 3341 in
3264 3267 3488 3342 hodie

601 3384 722 3459 hic
758 3386 1027 3459 hortus
1064 3387 1290 3460 aliter
1328 3411 1480 3462 non
1535 3389 1992 3485 appellatur,
2052 3412 2274 3485 greco
2336 3413 2711 3481 sermone,
2753 3392 2901 3466 nisi
2948 3395 3260 3486 copostu
3304 3393 3485 3488 agiu

603 3506 960 3582 iohanni⁵
992 3503 999 3610 ί
1033 3511 1108 3583 id
1136 3516 1253 3585 est
1282 3513 1485 3607 quod
1524 3536 1658 3588 vos
1698 3514 1947 3588 dicitis
1980 3515 2241 3602 latine,
2282 3516 2552 3589 hortus
2591 3516 2835 3590 sancti
2866 3516 3252 3591 Iohannis,
3285 3517 3485 3591 Nam

601 3638 681 3708 et
734 3635 964 3708 multi
1020 3635 1297 3711 fratres
1336 3638 1579 3712 sancti
1616 3640 1968 3713 monachi
2010 3640 2102 3713 de
2143 3640 2460 3715 diversis
2498 3641 2680 3715 locis
2719 3642 3112 3716 venientes
3149 3643 3485 3717 tendunt

602 3783 706 3851 se,
768 3763 855 3833 ut
907 3762 1267 3836 laventur
1324 3763 1400 3836 in
1456 3786 1546 3839 eo
1600 3765 1790 3840 loco,
1834 3765 2101 3840 Denuo
2143 3788 2324 3862 ergo
2366 3770 2448 3840 et
2484 3766 2582 3839 ad
2640 3767 2887 3862 ipsum
2926 3766 3243 3859 fontem,
3288 3771 3490 3844 sicut

603 3888 684 3958 et
736 3885 817 3958 in
869 3886 1188 3981 singulis
1242 3888 1448 3977 lociS‚
1490 3889 1695 3964 facta
1733 3894 1850 3963 est
1888 3891 2160 3980 oratiO,
2201 3895 2281 3965 et
2321 3891 2521 3966 lecta
2558 3895 2677 3966 est
2715 3892 2878 3987 ipsa
2915 3893 3185 3967 lectio:
3240 3894 3489 3968 dictus

604 4010 839 4083 etiam
859 4011 1195 4106 psalmus
1225 4016 1697 4108 competens:
1728 4014 2049 4109 singula,
2075 4020 2155 4090 et
2183 4039 2382 4110 quae
2409 4017 2980 4091 consuetudinis
3008 4019 3227 4092 nobis
3257 4023 3485 4093 erant

764 4325 783 4360 ¹
810 4324 963 4388 Ood.
1002 4327 1167 4404 quod
1212 4327 1567 4407 ollagomor.
1611 4329 1768 4391 Gen.
1810 4329 1989 4408 XIV,
2035 4332 2129 4393 17.

763 4422 789 4459 ²
814 4425 1030 4486 Ioann.
1058 4426 1181 4502 III,
1212 4427 1291 4486 23
1323 4448 1355 4483 ‹
1379 4427 1532 4489 Erat
1559 4433 1765 4489 autem
1792 4434 1857 4488 et
1884 4428 2159 4491 Ioannes
2188 4429 2511 4508 baptizans
2537 4430 2605 4491 in
2633 4432 2895 4493 Aennon
2922 4431 3137 4514 (LXX
3159 4440 3224 4494 et
3253 4432 3484 4495 Euseb.

604 4526 840 4612 Αἱμων)
880 4525 1055 4584 iuxta
1095 4524 1313 4585 Salim:
1354 4525 1501 4603 quia
1541 4546 1735 4603 aquae
1776 4526 2007 4588 multae
2050 4534 2228 4589 erant
2265 4528 2399 4589 illic
2424 4552 2480 4590 ».
2520 4530 2944 4609 Hieronymus
2985 4531 3051 4592 in
3092 4533 3240 4593 EuS.
3287 4531 3492 4610 (Nom.

603 4620 857 4703 Hebr.):
905 4644 937 4679 ‹
958 4622 1179 4684 Aenon
1206 4622 1379 4684 iuxta
1406 4623 1615 4702 Salim‚
1649 4624 1749 4685 ubi
1778 4626 2137 4706 baptizabat
2161 4627 2452 4705 IoanneS,
2484 4627 2648 4689 sicut
2674 4630 2745 4690 in
2771 4629 3112 4709 Evangelio
3143 4637 3282 4691 cata
3320 4630 3498 4690 Ioan-

600 4736 743 4780 nem
782 4718 1082 4799 scriptum
1122 4726 1252 4780 est:
1295 4726 1361 4782 et
1401 4720 1751 4783 ostenditur
1787 4742 1949 4783 nuuc
1988 4743 2183 4801 usque
2224 4724 2399 4786 locus
2427 4724 2493 4786 in
2531 4732 2747 4787 octavo
2788 4726 2996 4805 lapide
3040 4726 3491 4806 Scythopoleos

605 4815 687 4876 ad
723 4816 1047 4879 meridiem
1085 4817 1258 4878 iuxta
1301 4818 1492 4880 Salim
1533 4826 1599 4881 et
1639 4820 1967 4882 Iordanem
1992 4845 2048 4883 ».

765 4913 791 4951 ⁸
815 4914 1119 4976 Ducentis
1145 4916 1435 4994 passibus
1466 4939 1504 4979 a
1531 4916 1755 4997 Salim3
1785 4920 2007 4980 Aenon
2041 4927 2245 4982 autem
2273 4918 2514 4982 duobus
2544 4921 2820 4984 millibus
2850 4922 3130 4984 distabat
3150 4944 3188 4984 a
3208 4923 3498 4986 Iordane·

607 5011 837 5072 Anton.
879 5034 959 5072 m.
987 5032 1118 5092 cap.
1148 5014 1281 5074 IX:
1315 5036 1347 5071 ‹
1371 5016 1449 5075 In
1476 5015 1589 5076 illa
1615 5025 1794 5095 parte
1819 5016 2109 5079 Iordanis
2139 5026 2239 5081 est
2264 5019 2426 5097 fons,
2456 5019 2565 5081 ubi
2593 5020 2952 5100 baptizabat
2991 5022 3298 5083 Ioannes:
3340 5023 3490 5084 inde

607 5130 799 5189 usque
840 5111 919 5171 ad
959 5112 1289 5174 Iordanem
1329 5112 1524 5174 millia
1567 5115 1689 5176 duo
1716 5138 1770 5175 ».

763 5210 792 5244 ⁴
819 5208 1241 5271 Consideratis
1280 5210 1347 5272 in
1389 5212 1602 5274 tabula
1627 5213 2042 5295 geographica
2069 5223 2207 5277 octo
2232 5215 2506 5278 millibus
2536 5217 2615 5278 ad
2653 5203 2975 5280 meridiem
3017 5217 3486 5299 ScythopoleoS,

609 5313 674 5367 et
711 5305 953 5369 duobus
994 5310 1070 5370 ab
1112 5307 1398 5387 Iordane,
1440 5308 1601 5387 fons,
1645 5310 1723 5372 de
1752 5332 1870 5389 quo
1913 5313 2138 5392 agitur,
2169 5314 2320 5374 mihi
2349 5315 2598 5377 videtur
2625 5336 2765 5378 esse
2794 5318 2919 5378 Ain
2946 5320 3185 5378 Kerum
3223 5319 3327 5380 vel
3367 5319 3492 5380 Ain

611 5406 805 5466 Kaun
849 5405 1162 5487 (Pierotti,
1212 5406 1406 5469 Carta
1447 5410 1611 5470 della
1649 5411 2027 5491 Palestina):
2072 5419 2254 5489 atque
2295 5413 2462 5474 inter
2501 5412 2739 5478 fontem
2781 5423 2846 5476 et
2884 5413 3112 5477 flumen
3165 5416 3488 5496 ponendus

617 5510 718 5564 est
756 5509 888 5564 tum
927 5504 1249 5568 colliculus
1292 5505 1502 5585 Salim,
1543 5513 1676 5570 tum
1715 5509 1821 5570 via
1857 5510 2123 5590 publica.

773 5601 797 5636 ⁵
829 5600 1106 5682 ,Gopostu
1147 5604 1293 5683 agiu
1330 5605 1617 5668 iohanni:
1661 5643 1739 5654 —
1781 5618 1979 5686 κῆπος
2027 5620 2137 5675 τοῦ
2185 5612 2367 5702 ἁγίου
2413 5611 2700 5678 Ἰοάννου.

3541 3524 3611 3578 46
