4642 6650
1084 1711 1157 1768 73

1209 726 1338 793 106
2107 746 2111 750 ·
2188 753 2243 799 s.
2291 753 2557 801 savus:
2600 747 3094 807 massmanno

1208 968 1429 1042 turas
1460 958 1510 1059 ¹,
1554 968 1886 1065 primum
1926 993 2306 1069 exponens
2359 978 2768 1057 carnaliter
2792 971 2845 1074 ²,
2884 985 2965 1058 et
2999 983 3106 1058 sic
3140 983 3333 1060 illud
3366 986 3667 1063 solvens
3719 991 3986 1086 spiritu
3996 1017 4076 1068 a-

1207 1091 1413 1167 liter.
1470 1093 1628 1170 Nec
1686 1118 1836 1170 non
1892 1101 2129 1174 etiarn
2185 1106 2266 1175 et
2320 1102 2414 1178 de
2466 1108 3045 1200 resurrectione,
3084 1110 3439 1188 similiter
3473 1116 3731 1189 omnia
3788 1116 3878 1192 de
3926 1119 4074 1196 fide

1209 1217 1581 1293 docentur
1633 1243 1768 1317 per
1822 1223 1995 1298 illos
2050 1224 2211 1300 dies
2238 1217 2308 1302 ³:
2366 1229 2509 1304 hoc
2564 1233 2826 1307 autem
2863 1233 3257 1308 cathecisis
3306 1238 3760 1334 appellatur.
3816 1240 4074 1317 Etiam

1209 1341 1515 1436 quando
1570 1345 1992 1440 completae
2045 1347 2338 1424 fuerint
2390 1355 2861 1448 septimanae
2915 1357 3275 1452 quinque,
3351 1382 3399 1440 a
3471 1383 3622 1466 quo
3680 1363 4070 1458 docentur,

1206 1468 1396 1543 tunc
1449 1469 1822 1565 accipient
1875 1465 2283 1547 simbolu'm
2307 1466 2378 1549 ⁴:
2436 1477 2651 1551 cuius
2704 1477 3007 1554 simboli
3062 1481 3463 1576 rationem,
3504 1487 3861 1564 similiter
3912 1512 4073 1564 om-

1208 1592 1424 1664 nium
1497 1594 2048 1689 scripturarum
2116 1598 2419 1674 ratione
2489 1605 2817 1696 exponet
2880 1603 2989 1679 eis
3008 1659 3028 1696 ,
3095 1604 3573 1701 singulorum
3641 1632 4075 1688 sermonum

1207 1715 1538 1811 primum
1588 1716 1599 1809 Ι
1648 1715 2079 1810 carnaliter,
2137 1727 2216 1798 et
2269 1725 2377 1800 sic
2413 1727 2958 1820 spiritualiter:
2998 1729 3113 1803 ita
3150 1733 3235 1804 et
3266 1732 3676 1812 simbolum
3718 1740 4070 1832 exponet.

1209 1838 1320 1915 Ac
1373 1842 1478 1916 sic
1531 1845 1672 1931 est,
1704 1846 1796 1918 ut
1849 1845 1930 1917 in
1982 1845 2276 1922 hisdem
2330 1849 2513 1925 locis
2556 1873 2816 1925 omnes
2852 1852 3109 1929 fideles
3162 1860 3582 1952 sequantur
3635 1862 4073 1958 scripturae,

1209 1965 1514 2059 quando
1569 1968 1934 2064 leguntur
1993 1970 2074 2044 in
2127 1973 2463 2065 ecclesia,
2520 1978 2702 2072 quia
2756 1998 3018 2053 omnes
3072 1979 3377 2064 docent,
3494 2006 3632 2079 per
3684 1986 3858 2060 illos
3911 1987 4074 2062 dies

1208 2091 1743 2188 quadraginta,
1797 2095 1877 2169 id
1931 2099 2052 2170 est
2105 2098 2203 2172 ab
2255 2098 2447 2173 hora
2501 2103 2747 2195 prima
2783 2125 3025 2199 usque
3063 2104 3162 2178 ad
3200 2105 3472 2181 horam
3504 2112 3846 2202 tertiam,
3887 2133 4069 2216 quo·

1208 2216 1417 2291 niam
1470 2239 1607 2314 per
1658 2221 1817 2293 tres
1869 2219 2098 2295 horas
2152 2221 2243 2296 fit
2296 2224 2735 2300 cathecisin.
2791 2227 2997 2303 Deus
3052 2233 3314 2306 autem
3351 2233 3518 2324 scit,
3558 2235 3911 2310 dominae
3955 2258 4076 2309 so·
4164 2261 4167 2262 f

1207 2363 1441 2429 rores,
1509 2344 1872 2438 quoniam
1925 2348 2251 2422 maiores
2320 2371 2543 2425 voces
2598 2355 2785 2426 sunt
2836 2352 3200 2445 fidelium,
3268 2357 3402 2452 qui
3455 2358 3555 2432 ad
3609 2360 4070 2436 audiendum

1175 2467 1510 2541 -intrant
1560 2468 1643 2541 in
1698 2469 2132 2562 cathecisin,
2191 2471 2290 2546 ad
2343 2494 2458 2581 ea,
2517 2497 2715 2571 quae
2769 2476 3133 2553 dicuntur
3194 2481 3319 2555 vel
3393 2487 3883 2578 exponuntur
3934 2507 4070 2582 per

1208 2591 1670 2687 episcopum,
1708 2617 1942 2691 quam
1980 2595 2285 2691 quando
2326 2598 2564 2690 sedet,
2606 2602 2687 2675 et
2722 2601 3063 2696 predicat
3097 2604 3177 2677 in
3225 2606 3539 2680 ecclesia
3592 2607 3691 2680 ad
3744 2609 4067 2704 singula,

1209 2738 1408 2812 quae
1455 2718 1729 2793 taliter
1782 2723 2290 2815 exponuntur.
2329 2722 2563 2821 Missa
2615 2727 2878 2801 autem
2930 2725 3137 2802 facta
3190 2730 3586 2805 cathecisis
3613 2725 3653 2786 ³-
3679 2732 3869 2806 hora
3916 2732 4073 2807 iam

1206 2839 1468 2931 tertia,
1524 2841 1793 2916 statim
1846 2842 2021 2919 inde
2075 2867 2247 2919 cum
2300 2846 2555 2942 ymnis
2610 2847 2917 2923 ducitur
2971 2850 3359 2948 episcopus
3414 2853 3514 2926 ad
3551 2854 3945 2946 Anastase‚
3984 2857 4068 2929 et

1208 2965 1329 3064 fit,
1355 2965 1586 3040 missa
1640 2967 1739 3040 ad
1790 2969 2066 3042 tertia:
2106 2991 2195 3045 ac
2231 2970 2337 3044 sic
2372 2971 2620 3046 tribus
2661 2972 2867 3047 horis
2924 2974 3292 3068 docentur
3343 2977 3441 3050 ad
3497 2977 3688 3052 diem
3731 3000 3867 3073 per
3904 2999 4069 3075 sep-

1207 3088 1541 3164 timanas
1596 3093 1909 3187 septem.
1968 3090 2256 3168 Octava
2310 3094 2515 3169 enim
2551 3096 2977 3191 septimana
3007 3098 3791 3195 quadragesimarum,
3829 3101 3909 3174 id
3945 3104 4063 3176 est

1209 3235 1409 3311 quae
1462 3215 1897 3322 appellatur
1950 3218 2378 3314 septimana
2430 3220 2698 3311 maior,
2756 3220 2912 3295 iam
2966 3225 3194 3297 vacat
3246 3245 3373 3298 eos
3445 3224 3720 3316 doceri,
3776 3227 3870 3299 ut
3922 3225 4062 3299 im-

1207 3340 1567 3434 pleantur
1617 3361 1733 3431 ea,
1790 3363 1986 3438 quae
2038 3343 2384 3437 superius
2437 3348 2642 3420 sunt.
2682 3344 2873 3419 Cum
2909 3350 3173 3420 autem
3209 3348 3363 3422 iam
3400 3350 3851 3423 transierint
3894 3372 4061 3445 sep-

1207 3467 1364 3538 tem
1421 3465 1916 3561 septimanae,
1973 3471 2286 3561 superat
2338 3467 2475 3541 illa
2527 3492 2684 3542 una
2737 3472 3164 3566 septimana
3215 3472 3613 3566 paschaliS,
3659 3495 3890 3568 quam
3944 3473 4068 3549 hic

1208 3590 1599 3685 appellant
1652 3590 2077 3687 septimana
2131 3593 2399 3666 maior.
2454 3591 2619 3666 Iam
2692 3596 2878 3668 tunc
2949 3594 3163 3670 venit
3234 3595 3625 3694 episcopus
3693 3618 3917 3672 mane
3988 3596 4070 3671 in

1206 3714 1520 3790 ecclesia
1571 3716 1862 3791 maiore
1916 3715 2015 3789 ad
2066 3715 2552 3812 Martyrium,
2608 3720 2817 3817 retro
2870 3717 2950 3791 in
3006 3718 3272 3793 absida
3324 3722 3499 3816 post
3535 3719 3909 3797 altarium
3935 3742 4070 3816 po-

1369 4009 1389 4046 ¹
1417 4008 1596 4072 Idem
1633 4029 1748 4073 nos
1786 4008 1968 4072 docet
2008 4009 2070 4071 S.
2096 4008 2537 4090 Hieronymus,
2564 4010 2751 4090 Epist
2784 4011 2942 4072 LXI
2968 4010 3048 4072 ad
3086 4011 3576 4074 Pammachium:
3625 4034 3657 4072 ι
3681 4012 4073 4076 Consuetudo

1210 4116 1418 4173 autem
1458 4107 1623 4189 apud
1660 4128 1776 4169 nos
1818 4108 2223 4190 (Palestinae)
2263 4108 2621 4169 istiusmodi
2657 4116 2774 4187 est,
2800 4116 2873 4170 ut
2910 4109 3009 4188 iis,
3039 4111 3146 4188 qui
3184 4110 3539 4190 baptizandi
3580 4118 3745 4189 sunt,
3785 4131 3899 4193 per
3937 4131 4077 4191 qua·

1210 4207 1501 4286 draginta
1540 4207 1675 4269 dies
1714 4208 1959 4286 publice
1996 4207 2312 4269 tradamus
2354 4214 2628 4268 sanctam
2671 4214 2737 4270 et
2775 4207 3145 4271 adorandam
3185 4209 3558 4272 Trinitatem
3579 4233 3636 4271 ›.

1367 4305 1394 4342 ²
1422 4303 1782 4385 carnaliter,
1824 4304 1906 4367 ad
1944 4304 2235 4383 litteram,
2277 4305 2345 4365 id
2387 4311 2484 4367 est
2523 4324 2711 4367 sensu
2748 4305 3062 4369 historico.

1368 4401 1394 4440 ⁸
1422 4402 1484 4463 S.
1528 4402 1742 4483 Gyrill.
1782 4402 2102 4464 Procath.:
2147 4424 2179 4462 ι
2201 4402 2438 4464 Audire
2478 4408 2723 4482 oportet
2761 4402 2841 4465 de
2879 4404 3017 4465 Deo
3071 4403 3343 4484 vivente,
3384 4404 3598 4468 audire
3654 4423 3808 4484 opus
3852 4412 3954 4467 est
3991 4404 4073 4467 de

1210 4501 1480 4581 Christo,
1520 4501 1736 4563 audire
1773 4520 2030 4563 necesse
2072 4508 2171 4563 est
2211 4500 2290 4563 de
2331 4501 2782 4564 resurrectione
2806 4523 2861 4562 ›.

1366 4602 1396 4637 ⁴
1422 4600 1621 4674 Quale
1651 4599 2038 4679 symbolum?
2062 4619 2188 4661 non
2213 4599 2573 4674 Nicaenum,
2603 4599 2718 4661 sed
2737 4599 3395 4680 Hierosolymitanum;
3422 4618 3564 4662 nam
3584 4601 3831 4663 saeculo
3854 4606 4072 4678 quarto

1210 4720 1334 4763 non
1374 4717 1582 4763 omnes
1611 4697 1909 4761 ecclesiae
1935 4697 2289 4776 orientales,
2317 4697 2486 4759 inter
2509 4717 2661 4776 quas
2685 4697 3250 4778 hierosolymitana,
3278 4697 3622 4760 Nicaeum
3661 4698 4075 4760 adhibuerunt

1213 4798 1418 4882 (Lupi,
1459 4797 1603 4859 chr.
1646 4795 1893 4859 Scholia
1931 4795 1999 4857 in
2039 4795 2245 4874 Symb.
2288 4795 2426 4858 Nic.
2470 4815 2601 4875 cap.
2641 4795 2737 4857 IV
2778 4802 2843 4857 et
2882 4796 2988 4877 V).
3029 4795 3128 4858 De
3167 4816 3285 4874 quo
3325 4796 3603 4876 symbolo
3656 4794 4074 4859 eruditissime

1211 4897 1510 4960 disseruit
1548 4894 1813 4956 Touttee
1851 4894 1918 4954 in
1958 4892 2021 4955 S.
2065 4893 2285 4973 Cyrilli
2327 4913 2514 4973 opera
2551 4914 2612 4973 p.
2657 4893 2735 4954 79
2775 4900 2841 4955 et
2866 4912 3035 4972 seqq.
3067 4893 3502 4972 competentes
3539 4895 3885 4972 symbolum
3924 4893 4077 4956 acci·

1210 4995 1468 5075 piebant
1507 5012 1584 5054 ex
1623 5011 1730 5057 ore
1771 4990 2077 5070 episcopi,
2117 4991 2566 5069 memoriaeque
2606 4989 2995 5053 mandabant.
3037 4990 3100 5052 S.
3131 4991 3405 5070 Cyl-illus
3446 4991 3512 5052 in
3550 4991 3972 5071 procatechesi
4012 4998 4079 5053 et

1212 5092 1279 5153 in
1315 5090 1742 5153 catechesibus
1782 5089 1936 5151 haec
1974 5095 2201 5166 monet,
2243 5109 2504 5168 quorum
2542 5087 2819 5149 meminit
2859 5095 2925 5150 et
2965 5087 3028 5150 S.
3068 5065 3488 5166 Aug-ustinus:
3535 5110 3567 5148 ι
3589 5088 3875 5168 Accipite
3916 5109 4078 5168 sym·

1214 5189 1443 5268 bolum,
1486 5194 1552 5250 et
1590 5208 1728 5250 cum
1766 5187 2130 5266 acceperitis
2172 5186 2239 5248 in
2278 5187 2567 5248 cordibus
2609 5185 2879 5248 scribite.
2922 5186 3280 5266 Symbolum
3326 5206 3506 5248 nemo
3553 5187 3789 5265 scribit,
3831 5193 3906 5247 ut
3944 5186 4074 5264 legi

1215 5288 1418 5368 possit
1429 5309 1445 5365 3
1488 5285 1601 5348 sed
1642 5287 1721 5347 ad
1761 5284 2224 5362 recensendum,
2265 5305 2346 5346 ne
2385 5284 2549 5346 forte
2590 5284 2799 5346 deleat
2825 5284 3072 5363 oblivio,
3101 5284 3264 5363 quod
3304 5284 3567 5346 tradidit
3606 5284 3950 5363 diligentia,
3991 5284 4077 5346 sit

1214 5383 1394 5446 vobis
1435 5382 1628 5444 codex
1664 5386 1878 5444 vestra
1914 5381 2209 5443 memoria
2229 5403 2287 5442 ›.

1372 5481 1398 5518 ⁵
1423 5479 1502 5543 Id
1542 5486 1641 5543 est
1680 5480 1983 5560 completa
2022 5478 2334 5543 catechesi
2374 5485 2439 5542 et
2478 5478 2754 5541 dimissis
2796 5478 3248 5542 cathecumenis
3281 5481 3432 5542 hora
3469 5479 3674 5543 tertia.
