4642 6650
1196 779 1293 824 11
2429 773 2798 822 PRAEFATIO

2550 1283 2689 1357 ΙΙΙ.

2092 1564 2214 1632 DE
2266 1513 3141 1657 PEREGRINATloNE.

1225 1852 1229 1856 ’
1333 1857 1978 1955 Peregrinationis
2034 1858 2133 1933 ad
2185 1858 2356 1934 loca
2409 1862 2674 1933 sancta
2712 1858 2943 1934 codex
2981 1864 3099 1934 est
3144 1860 3596 1961 fragmentis
3649 1859 4045 1934 hilarianis

1173 2000 1577 2076 adiunctus
1634 2005 1867 2098 atque
1922 2025 2078 2091 una
2133 2005 2536 2077 consutus:
2597 2025 2864 2077 verum
2905 2003 3330 2078 vetustiore
3365 2003 3633 2079 littera
3690 2005 4050 2079 exa-ratus

1172 2144 1362 2217 mihi
1415 2144 1649 2220 fuisse
1722 2145 2052 2222 videtur.
2127 2144 2443 2220 Duobus
2497 2149 2579 2221 et
2635 2144 2911 2241 viginti
2983 2146 3271 2221 chartis
3346 2146 3507 2223 sive
3582 2149 3918 2244 quatuor
3970 2148 4052 2219 et

1172 2286 1684 2384 quadraginta
1737 2288 2052 2384 pagellis
2108 2291 2434 2377 constat,
2489 2289 2611 2362 cui
2650 2288 2897 2361 multa
2934 2288 3014 2361 in
3056 2288 3303 2379 initi0,
3342 2290 3714 2364 nonnulla
3766 2290 3847 2364 in
3902 2289 4051 2363 fine

1172 2430 1730 2523 desiderantur,
1789 2431 2084 2506 duobus
2140 2432 2377 2507 etiam
2433 2432 2699 2507 mediis
2752 2432 2955 2506 foliis
3012 2433 3379 2507 abscissis.
3440 2433 3677 2520 Quem
3729 2434 4047 2509 titulum

1168 2575 1249 2649 id
1303 2577 1776 2673 praeclarum
1833 2598 2019 2673 opus
2057 2576 2440 2667 habuerit,
2482 2577 2790 2651 omnino
2830 2581 3176 2667 statuere
3214 2598 3531 2672 nequeo,
3581 2576 4046 2673 Inquirenti·

1167 2719 1312 2794 bus
1350 2716 1568 2794 nobis
1607 2720 1894 2817 aliquid
1931 2721 2243 2809 luminis
2281 2744 2329 2793 a
2365 2743 2566 2795 nexu
2605 2721 2725 2793 PE
2754 2722 2871 2795 bis
2908 2721 3213 2818 scripte,
3253 2743 3400 2795 uno
3430 2721 3514 2819 in,
3539 2724 3879 2797 extremo
3911 2745 4042 2818 pa·

1169 2861 1414 2958 gellae
1466 2865 1749 2938 tertiae
1807 2864 2113 2960 angulo,
2172 2863 2419 2937 altero
2476 2864 2555 2936 in
2593 2863 2842 2938 media
2883 2864 3179 2959 pagella
3217 2886 3421 2937 nona
3457 2866 3538 2937 et
3575 2865 4042 2960 sexagesima

1165 3005 1660 3081 interlineato
1718 3007 2043 3117 allatum
2100 3010 2240 3099 est,
2284 3011 2373 3081 ut
2410 3007 2667 3104 potius
2705 3007 3351 3103 Peregrinationis
3390 3030 3616 3103 quam
3657 3008 4044 3083 Itinerarii

1167 3149 1490 3224 titulum
1545 3151 2019 3247 eligeremus,
2078 3150 2373 3226 Revera
2428 3149 2619 3224 illud
2674 3153 2792 3225 est
2853 3151 3194 3225 locorum
3260 3153 3698 3225 sanctorum
3768 3150 4043 3227 descri-

1054 3332 1059 3338 ·
1165 3293 1353 3390 pti0,
1413 3294 1725 3370 minime
1779 3295 2146 3369 itinerum
2201 3296 2344 3368 aut
2399 3294 2877 3368 mansionum
2950 3293 3273 3369 notatio,
3347 3293 3648 3369 Nomen
3704 3294 4040 3369 auctoris

1166 3438 1476 3513 omnino
1532 3439 1768 3513 latet:
1827 3439 1956 3513 sed
2011 3441 2320 3512 tantum
2378 3439 2646 3534 liquet,
2706 3438 2838 3533 qui
2894 3437 3043 3512 iter
3081 3437 3286 3528 fecit,
3319 3437 3515 3512 idem
3573 3457 3752 3510 eum
3789 3440 4039 3535 ipsum

1164 3582 1667 3678 descripsisse.
1725 3582 2090 3657 Foemina
2127 3582 2449 3656 illustris
2487 3582 2664 3664 fuit,
2724 3603 2765 3655 e
2824 3580 3073 3654 Gallia
3112 3581 3612 3676 proiectasde
3668 3604 3820 3677 qua
3860 3581 4041 3678 quid

1162 3725 1489 3800 sentiam
1544 3714 2030 3821 postmodum
2090 3725 2508 3822 explicabO.
3173 3731 3182 3737 ’

1184 3878 1188 3881 ”
1321 3868 1770 3964 Fragmenti
1821 3869 2044 3943 initio
2103 3868 2576 3965 peregrinam
2620 3866 3069 3942 offendimus
3107 3869 3388 3942 vallem
3444 3868 3655 3943 Sinai
3709 3869 4039 3944 subeun-

1161 4013 1344 4103 tem,
1377 4034 1575 4108 quae
1613 4035 1785 4087 cum
1823 4016 2167 4088 montem
2203 4015 2554 4086 sanctum
2578 4007 3127 4101 adscendisset,
3169 4034 3343 4087 mox
3381 4011 3748 4088 lustravit
3785 4012 4039 4086 omnia

1160 4155 1465 4230 circum.
1505 4154 1872 4251 Regressa
1907 4179 2043 4251 per
2083 4156 2389 4252 Clysma
2429 4125 3015 4251 Aegyptumque
3052 4155 3602 4253 Hierosolymis
3640 4156 4037 4252 aliquanto

1159 4298 1525 4373 subsedit.
1584 4299 1872 4374 Deinde
1926 4302 2267 4376 montem
2324 4300 2597 4375 Nabau
2640 4298 3005 4390 ascendit,
3059 4303 3324 4394 postea
3377 4301 3710 4395 patriam
3766 4301 3904 4375 Iob
3957 4301 4038 4374 in

1157 4442 1467 4538 regione
1520 4442 1976 4518 Nabathaea
2028 4443 2330 4539 petivit.
2389 4443 2662 4517 Tribus
2719 4443 2939 4516 annis
2994 4443 3629 4539 peregrinationis
3682 4444 4033 4539 peractis,

1156 4583 1772 4681 Hierosolymam
1826 4586 2179 4681 linquens
2234 4586 2486 4682 pergit
2537 4585 3168 4681 Mesopotamiam
3225 4586 3323 4659 ad
3379 4582 3716 4661 Charras'
3759 4610 4033 4684 usque:

1154 4724 1236 4800 in
1289 4727 1546 4803 reditu
1604 4728 2025 4805 Seleuciam
2081 4730 2422 4805 Isauriae
2459 4730 2821 4826 attingit;
2881 4729 3154 4805 deinde
3201 4754 3437 4826 quum
3495 4705 4032 4805 Constantino·

1153 4869 1389 4966 polim
1446 4872 1937 4967 pervenisset,
1977 4873 2059 4947 in
2090 4873 2285 4948 urbe
2324 4876 2626 4948 morata
2666 4875 2806 4964 est,
2848 4872 3106 4968 ibique
3146 4896 3387 4963 suam,
3428 4873 3525 4947 ad
3564 4874 4034 4950 venerabiles

1154 5031 1475 5104 sorores,
1533 5036 1729 5109 quae
1784 5014 1864 5087 in
1904 5013 2176 5106 Gallia,
2218 5018 2310 5088 ut
2346 5014 2675 5105 videtur,
2717 5013 3117 5109 degebant,
3160 5015 3847 5110 peregrinationem
3904 5015 4031 5090 de-

1153 5153 1505 5251 scripsit,
1534 5155 1979 5252 addiditque
2033 5156 2397 5231 notitiam
2436 5155 3088 5250 coeremoniarum
3137 5179 3549 5250 sacrarum,
3608 5178 3805 5253 quae
3858 5160 4033 5231 tum

1151 5293 1701 5396 Hierosolymis
1760 5321 1852 5374 ex
1909 5322 2120 5375 more
2176 5283 2487 5376 fiebant.
3415 5265 3420 5270 Ι

1305 5438 1516 5517 Haec
1568 5442 1910 5518 breviter
1963 5444 2399 5540 perstrinxi,
2459 5446 2550 5518 ut
2607 5466 2720 5535 ea,
2780 5465 2976 5539 quae
3032 5446 3112 5517 in
3167 5445 3617 5541 fragmentis
3673 5435 4028 5521 arretinis

1147 5588 1578 5679 servantur,
1634 5587 1776 5661 sub
1833 5590 2226 5683 aspectum
2282 5588 2752 5664 subiicerem.
2806 5586 2994 5662 Mihi
3048 5589 3250 5663 enim
3307 5588 3388 5663 in
3444 5590 3702 5666 animo
3757 5593 3879 5665 est
3931 5612 4026 5665 ex
