4642 6650
1219 746 1346 810 126
2390 770 2589 815 parm
2634 771 2909 817 mAcom

1213 1006 1453 1079 usque
1507 984 1606 1058 ad
1662 987 2048 1082 regionem
2104 985 2682 1064 Sodomitanam
2738 992 2819 1064 et
2856 989 3227 1065 Asfaltios
3263 989 3450 1065 fines
3504 990 3714 1064 locus
3770 990 4087 1096 diffusus

1213 1111 1566 1185 habetur.
1624 1111 2010 1187 Adversus
2073 1115 2254 1189 huic
2327 1138 2544 1191 mons
2619 1140 2850 1212 supra
2923 1116 3328 1192 Iordanem
3393 1117 3490 1190 ab
3546 1117 3735 1191 urbe
3790 1116 4088 1191 Iuliade

1211 1258 1453 1331 usque
1507 1236 1606 1310 ad
1640 1235 1917 1313 Zoaros
1955 1238 2238 1316 Arabie
2277 1241 2549 1317 Petree
2587 1242 2957 1316 terminos
2993 1245 3378 1336 extentus,
3418 1242 3553 1317 ubi
3590 1242 3825 1318 etiam
3869 1264 4086 1316 1110116

1212 1366 1331 1437 est
1384 1362 1705 1438 Ferreus
1776 1365 2242 1441 nominatus.
2300 1366 2516 1442 Inter
2584 1368 2723 1442 hos
2779 1368 2968 1443 duos
3041 1372 3341 1443 montes
3396 1390 3710 1464 campus
3763 1390 4088 1464 maguus

1211 1488 1435 1579 iacet,
1495 1489 1626 1584 qui
1682 1488 1961 1564 dicitur
2014 1491 2294 1583 Aulon,
2355 1497 2569 1568 6111116
2609 1493 3011 1590 longitudo
3066 1493 3394 1590 triginta
3449 1496 3530 1568 et
3584 1492 4086 1568 ducentorum

1211 1614 1661 1706 stadiorum,
1717 1614 2053 1692 latitudo
2102 1621 2412 1692 centum
2449 1624 2531 1693 et
2565 1619 2886 1715 viginti:
2928 1619 3327 1695 exordium
3368 1642 3415 1692 a
3453 1618 3620 1693 vico
3679 1617 4085 1709 Gennaari,

1211 1738 1384 1812 finis
1439 1760 1680 1834 usque
1734 1740 2151 1816 Asfaltium
2197 1743 2472 1818 lacum.
2512 1737 2857 1818 Iordanis
2895 1767 3069 1819 eum
3113 1744 3315 1820 enim
3374 1743 3711 1818 medium
3767 1744 4083 1817 interse-

1212 1866 1362 1955 cat,
1418 1865 1933 1941 viridantibus
1987 1868 2192 1964 ripis,
2241 1870 2578 1944 fluminis
2616 1870 3031 1961 alluvione,
3071 1870 3136 1944 si
3192 1868 3494 1965 quidem
3555 1891 3786 1963 supra
3839 1870 4085 1963 ripam

1212 1987 1547 2065 fluminis
1603 1992 1899 2067 fructus
1963 1995 2325 2069 arborum
2400 1997 2707 2072 uberior
2778 2000 2919 2087 est,
2978 1995 3168 2069 alias
3223 1995 3449 2089 longe
3522 1993 3815 2084 exilior,
3872 1993 4088 2098 arida

1213 2116 1417 2189 enim
1472 2120 1657 2190 sunt
1711 2119 1968 2193 omnia
2023 2123 2329 2217 praeter
2384 2145 2599 2197 oram
2653 2123 3009 2198 fluminis.

1370 2243 1496 2333 (B.
1527 2266 1583 2317 c.
1619 2246 1769 2335 XI)
1808 2242 2056 2342 Ipsius
2094 2251 2359 2321 autern
2394 2247 2742 2323 Iordanis
2778 2248 3176 2324 exordium
3211 2250 3292 2323 in
3349 2246 3739 2344 provincia
3792 2244 4088 2319 Fenicis

1212 2369 1311 2444 ad
1363 2370 1653 2446 radices
1709 2372 1992 2446 montis
2047 2373 2343 2461 Libani,
2400 2373 2535 2447 ubi
2607 2373 2958 2465 Panium,
3016 2374 3094 2447 id
3150 2377 3272 2449 est
3327 2372 3696 2447 Caesarea
3754 2369 4086 2465 Philippi

1211 2497 1366 2569 sita
1420 2500 1559 2571 est.
1621 2495 1975 2592 Speleum
2046 2520 2229 2573 vero
2284 2521 2423 2596 per
2498 2499 2701 2595 quod
2758 2522 2838 2574 se
2913 2522 2993 2574 se
3067 2499 3366 2573 attollit
3419 2497 3763 2573 Iordanis
3820 2495 4087 2570 decore

1212 2619 1646 2695 admirabili
1700 2617 2138 2697 extructum
2177 2627 2317 2698 est.
2359 2625 2449 2697 In
2487 2624 2971 2700 Traconitide
3011 2646 3194 2700 vero
3230 2627 3442 2698 terra
3487 2623 3657 2696 fons
3695 2623 3815 2695 est
3867 2622 4086 2694 rotae

1212 2747 1675 2843 qualitatem
1730 2749 2174 2844 exprimens,
2227 2750 2431 2824 unde
2486 2754 2566 2825 et
2623 2750 2806 2847 Syla
2841 2773 3120 2825 nomen
3176 2749 3494 2845 accepit,
3551 2745 3984 2843 quindecim
4040 2768 4087 2818 a

1213 2873 1580 2949 Caesarea
1632 2875 1942 2950 milibus
1997 2899 2362 2973 passuum
2427 2877 2821 2969 discretus,
2879 2879 2993 2952 ita
3048 2878 3330 2973 iugiter
3384 2875 3652 2973 plenus
3709 2897 4087 2971 aquarum

1214 2999 1713 3089 abundantia,
1771 3003 1862 3074 ut
1913 3024 2159 3097 neque
2213 3002 2691 3098 superfluant
2736 3024 2985 3099 neque
3042 3026 3407 3097 umquam
3464 3001 3939 3074 minuantur.
3994 2997 4087 3071 In

1214 3125 1415 3200 hunc
1478 3124 1873 3221 Philippus
1942 3127 2392 3203 Tetrarches
2463 3129 2721 3224 paleas
2797 3129 3032 3220 misit,
3092 3151 3282 3224 quas
3337 3127 3417 3200 in
3492 3127 3749 3201 Paneo
3804 3123 4087 3200 fluvius

1214 3249 1592 3324 ebullivit.
1645 3249 1864 3325 Unde
1900 3251 2147 3348 liquet
2184 3254 2264 3327 in
2300 3253 2575 3328 Phiala
2610 3254 3067 3351 principium
3105 3274 3267 3330 esse
3303 3251 3679 3342 IordaniS,
3728 3248 3857 3324 sed
3913 3251 4086 3344 post

1215 3375 1749 3452 subterraneos
1802 3354 2103 3453 meatus
2157 3380 2238 3452 in
2293 3379 2535 3454 Pauio
2592 3382 2919 3477 coepisse
2971 3382 3371 3470 fluentum,
3414 3378 3548 3473 qui
3603 3398 3779 3450 mox
3833 3374 4087 3448 lacum

1213 3502 1616 3598 ingressus,
1676 3503 1990 3598 paludes
2044 3505 2206 3579 eius
2243 3506 2699 3581 intersecat:
2758 3506 2935 3580 inde
2991 3526 3295 3602 quoque
3351 3525 3614 3578 cursus
3669 3523 3845 3575 suos
3903 3498 4083 3572 diri·

1212 3649 1421 3723 genS,
1478 3629 1912 3723 quindecim
1967 3631 2212 3704 millia
2265 3655 2627 3728 passuum
2666 3632 2828 3706 61116
2865 3632 3027 3706 11113
3083 3629 3642 3705 intermissione
3697 3622 4081 3722 progredi·

1213 3756 1347 3827 tur
1404 3776 1642 3849 usque
1696 3754 1795 3827 ad
1831 3756 2098 3831 urbem
2136 3756 2452 3830 Iuliam:
2494 3761 2760 3853 postea
2795 3758 3045 3833 lacum
3087 3757 3460 3831 Genessar
3496 3752 3748 3828 medio
3802 3750 4086 3824 transit

1214 3881 1548 3956 fluento:
1606 3882 1808 3957 unde
1883 3883 2214 3978 plurima
2285 3886 2925 3980 circumvagatus,
3002 3883 3429 3972 Affaltium,
3486 3880 3629 3955 hoc
3692 3882 3810 3953 est
3875 3896 4085 3950 mare

1216 4009 1609 4082 mortuum
1664 4008 2070 4103 ingressus,
2110 4008 2535 4083 laudabiles
2589 4008 2843 4105 perdit
2879 4030 3158 4104 aquas:
3201 4010 3321 4081 est
3358 4007 3565 4080 enim
3601 4003 3873 4079 coloris
3931 3999 4085 4074 albi

1216 4133 1416 4207 sicut
1472 4132 1611 4224 lac,
1669 4135 1751 4207 et
1805 4134 1901 4208 ob
1957 4133 2099 4208 hoc
2153 4133 2234 4207 in
2288 4132 2484 4205 mari
2538 4137 2847 4207 mortuo
2892 4133 3372 4206 discernitur.
3431 4129 3568 4203 Est
3621 4130 3884 4201 autem
3939 4124 4081 4197 Ge·

1214 4279 1496 4347 nessar,
1553 4257 1630 4331 id
1688 4263 1807 4332 est
1859 4280 2070 4333 mare
2130 4258 2469 4333 Galileae
2507 4260 2802 4354 magnis
2840 4257 3053 4334 silvis
3099 4237 3655 4332 circumdatum
3706 4252 3789 4324 in
3842 4250 4083 4345 longi·

1214 4382 1484 4457 tudine
1539 4383 1826 4457 habens
1861 4387 2165 4459 centum
2205 4383 2610 4479 sexaginta
2648 4383 2922 4474 stadia,
2962 4383 3043 4456 in
3079 4380 3496 4456 latitudine
3548 4374 4083 4473 quadraginta,

1217 4529 1464 4603 aquae
1518 4506 1759 4581 dulcis
1815 4511 1896 4582 et
1950 4508 2048 4582 ad
2100 4508 2519 4603 potandum
2599 4507 2992 4581 amabilis:
3050 4507 3115 4581 si
3168 4505 3476 4601 quidem
3529 4523 3670 4577 1166
3722 4497 4084 4598 palustris

1216 4633 1528 4729 uliginis
1563 4636 1986 4707 crassatum
2023 4633 2312 4728 aliquid
2350 4636 2491 4706 aut
2525 4632 2921 4707 turbidum
2961 4632 3254 4728 recipit,
3286 4630 3468 4727 quia
3505 4648 3823 4703 arenoso
3863 4623 4081 4698 undi-

1217 4754 1369 4856 que
1422 4757 1650 4833 litore
1711 4757 2331 4851 circumvenitur,
2395 4757 2526 4833 sed
2598 4759 2940 4831 amoenis
3012 4755 3529 4832 circumdatur
3598 4750 3931 4849 oppidis:
3990 4747 4083 4821 ab

1219 4886 1513 4960 oriente
1566 4883 1861 4958 Iuliade
1915 4886 1997 4959 et
2060 4872 2334 4979 Hipp0,
2400 4884 2496 4958 ab
2566 4884 2957 4959 occidente
3030 4881 3475 4982 Tyberiade,
3551 4877 3769 4974 aquis
3824 4874 4087 4951 calidis

1216 5008 1530 5083 salubri.
1588 5008 1884 5083 Genera
1920 5031 2223 5104 quoque
2260 5010 2579 5104 piscium
2616 5013 2850 5105 gustu
2886 5013 2968 5084 et
3005 5007 3250 5104 specie
3289 5028 3522 5103 quam
3558 5004 3639 5077 in
3677 5002 3830 5076 alio
3869 5019 4081 5095 prae-

1217 5135 1619 5208 stantiora.

1376 5259 1499 5349 (B.
1530 5282 1588 5333 c.
1630 5260 1827 5351 XII)
1883 5260 2094 5335 Mare
2132 5283 2313 5336 vero
2360 5264 2753 5335 mortuum
2807 5260 3288 5353 longitudine
3343 5257 3624 5334 stadiis·
3665 5257 4088 5355 quingenta

1215 5384 1610 5480 octoginta
1662 5407 1903 5480 usque
1959 5385 2056 5460 ad
2110 5385 2389 5459 Zoaros
2446 5384 2800 5477 Arabiae,
2858 5384 3273 5458 latitudine
3339 5386 3649 5458 centum
3704 5383 4080 5477 quinqua-

1213 5509 1432 5605 ginta
1487 5532 1728 5606 usque
1782 5511 1881 5585 ad
1936 5511 2216 5586 vicinia
2273 5509 2774 5585 Sodomorum
2826 5509 3245 5605 protendit.
3297 5508 3499 5582 Nam
3545 5511 3627 5583 et
3682 5508 3775 5582 de
3831 5506 4083 5603 puteis

1216 5636 1603 5732 quondam
1658 5636 1838 5716 salis
1891 5640 2067 5736 post
2122 5635 2492 5711 Sodomae
2547 5640 2629 5711 et
2666 5636 3081 5710 Gomorrae
3118 5640 3199 5711 et
3253 5635 3660 5711 civitatum
3714 5631 4080 5706 finitima·
