4642 6650
1471 784 1560 829 An
1606 782 1780 829 Loca
1825 781 2081 829 sANc‘rA
2125 784 2232 829 An.
2282 788 2486 831 sss-sss
3338 762 3426 828 45

536 999 807 1073 bulare
869 1022 1042 1073 0001
1123 998 1429 1074 camelis
1485 999 1667 1089 suis,
1742 1000 1960 1096 signa
2040 1001 2188 1076 sibi
2265 1003 2451 1078 locis
2534 1007 2616 1079 et
2700 1003 2882 1078 locis
2934 1005 3266 1099 ponent3
3325 1003 3425 1077 ad

537 1147 735 1221 quae
788 1127 1006 1227 signa
1060 1148 1140 1201 80
1194 1126 1540 1217 tendent,
1600 1130 1680 1201 et
1735 1127 1839 1201 810
1894 1129 2299 1202 ambulant
2354 1152 2486 1225 per
2560 1130 2786 1205 diem.
2852 1126 3096 1205 Nocte
3151 1132 3422 1204 autem

536 1252 753 1347 signa
807 1252 1077 1326 cameli
1132 1252 1570 1327 attendunt.
1611 1252 1713 1325 Et
1747 1252 1930 1348 quid
1968 1254 2236 1349 plural
2278 1254 2719 1349 diligentius
2758 1257 2838 1328 et
2875 1254 3209 1329 80001108
3264 1256 3423 1329 iam

535 1376 618 1450 in
671 1397 764 1450 00
811 1377 978 1451 1000
1017 1397 1108 1450 ex
1147 1377 1696 1471 consuetudine
1736 1377 2117 1453 faranitae
2155 1378 2561 1453 ambulant
2597 1383 2843 1470 nocte,
2888 1402 3119 1475 quam
3185 1379 3425 1476 aliqui

534 1500 930 1575 hominum
988 1501 1383 1577 ambulare
1438 1504 1696 1596 potest
1750 1500 1831 1575 in
1886 1502 1979 1573 iis
2035 1502 2243 1591 10018,
2302 1502 2438 1575 ubi
2491 1503 2622 1578 via
2677 1505 2946 1598 aperta
2984 1505 3124 1577 est.
3184 1503 3276 1577 In
3331 1525 3422 1577 00

535 1649 716 1722 ergo
753 1626 919 1701 1000
951 1627 1042 1699 (10
1081 1626 1285 1702 10101
1314 1630 1616 1702 1000108
1658 1627 2030 1703 exivimus
2059 1627 2490 1717 redeuntes,
2526 1628 2607 1700 in
2644 1650 2795 1723 quo
2833 1629 2996 1703 loco
3036 1631 3118 1703 et
3152 1631 3423 1704 euntes

535 1752 739 1826 inter
794 1755 1097 1826 montes
1153 1752 1757 1828 intraveramus:
1817 1775 1904 1827 00
1959 1752 2064 1826 810
2118 1775 2298 1848 ergo
2337 1752 2786 1847 plicavimus
2846 1774 2983 1827 nos
3021 1753 3119 1827 ad
3173 1776 3409 1829 mare.

534 1877 710 1951 Filii
764 1878 1001 1953 011010
1040 1878 1278 1953 Israel
1316 1881 1788 1954 revertentes
1844 1878 1941 1951 ad
1997 1882 2341 1953 montem
2396 1879 2538 1953 Dei
2576 1878 2785 1974 Syna
2826 1902 3061 1975 usque
3099 1881 3197 1954 ad
3234 1903 3413 1956 eum

531 2004 784 2078 locum
821 1994 871 2095 ¹,
928 2003 1215 2078 reversi
1270 2006 1453 2078 sunt
1507 2025 1644 2099 per
1698 2004 1852 2077 iter
1906 2003 2110 2099 quod
2168 2005 2461 2079 ierant:
2521 2004 2599 2078 id
2655 2008 2774 2079 est
2825 2027 3068 2101 usque
3103 2006 3201 2080 ad
3239 2028 3418 2081 eum

531 2129 808 2218 locum,
865 2128 1001 2201 ubi
1057 2128 1150 2202 de
1204 2128 1408 2202 inter
1462 2130 1762 2203 montes
1818 2128 2218 2219 exivimus,
2275 2131 2357 2203 et
2393 2128 2776 2203 iunximus
2829 2153 2967 2205 nos
3025 2131 3275 2205 denuo
3318 2131 3417 2205 ad

532 2274 745 2327 mare
799 2254 1145 2343 rubrum,
1212 2256 1294 2327 et
1347 2254 1522 2326 inde
1563 2274 1701 2327 nos
1758 2254 1913 2327 iam
1948 2252 2099 2327 iter
2143 2256 2519 2344 nostrum,
2571 2277 2721 2350 quo
2777 2277 3255 2348 veneramuS,
3294 2278 3413 2333 re-

539 2379 740 2454 versi
795 2401 1103 2452 sumus:
1163 2378 1301 2451 filii
1357 2381 1622 2453 autem
1677 2378 1917 2455 181001
1973 2379 2064 2454 (10
2101 2381 2366 2454 eodem
2422 2382 2613 2471 1000,
2655 2380 2855 2455 81001
2890 2382 3257 2478 scriptum
3296 2387 3414 2457 est

533 2506 613 2579 in
641 2505 857 2578 libris
888 2505 1172 2579 sanctis
1207 2504 1479 2601 Moysi,
1511 2505 2105 2579 ambulaverunt
2142 2504 2290 2580 iter
2318 2529 2548 2579 suum
2576 2497 2627 2579 ².
2667 2505 2826 2580 Nos
2855 2509 3120 2582 autem
3147 2508 3418 2583 eodem

532 2630 810 2704 itinere
866 2632 949 2704 et
1002 2629 1286 2704 eisdem
1342 2629 1886 2721 mansionibuS,
1945 2630 2221 2724 quibus
2274 2630 2606 2705 ieramus
2670 2632 2958 2707 reversi
3014 2656 3275 2707 sumus
3331 2634 3413 2706 in

534 2754 832 2830 clesma
859 2746 908 2829 ³.
941 2753 1033 2828 In
1063 2754 1358 2828 Olesma
1395 2757 1658 2830 autem
1694 2776 1868 2831 cum
1905 2755 2397 2847 venissemus,
2436 2778 2735 2832 11000880
2771 2778 2909 2832 1108
2937 2756 3100 2842 ,fuit
3137 2760 3408 2849 denu0,

531 2961 720 3039 gitur,
759 2962 915 3022 mari
958 2962 1142 3022 rubro
1173 2968 1237 3023 013
1264 2961 1574 3023 montibus
1617 2963 1859 3042 (ΒίοὒοΖ
1884 2963 2125 3043 el-Tilz)
2158 2961 2535 3023 interclusa:
2580 2962 2640 3024 ei
2686 2983 2908 3024 1101000
2948 2971 3047 3026 081
3087 2965 3156 3026 10
3199 2963 3416 3025 Exodo

533 3059 845 3122 desertum
887 3060 1022 3139 Sur,
1066 3082 1196 3141 cap.
1236 3062 1381 3141 XV,
1422 3064 1533 3140 223
1575 3061 1728 3122 item
1766 3062 1832 3122 in
1873 3061 2054 3122 Num.
2097 3061 2422 3139 XXXIII,
2451 3062 2509 3139 8,
2548 3060 2864 3123 desertum
2892 3061 3134 3124 Ethan:
3177 3063 3255 3124 de
3299 3085 3417 3142 quo

533 3157 808 3219 triduum
847 3181 886 3222 a
924 3168 1139 3222 nostra
1179 3162 1520 3240 Peregrina
1560 3181 1804 3222 emenso
1844 3160 1991 3222 vide
2031 3161 2286 3223 Petrum
2326 3161 2500 3222 Diae.
2543 3161 2586 3222 l.
2627 3181 2680 3222 0.

700 3257 718 3292 ¹
748 3258 988 3320 Verba:
1035 3280 1067 3318 ‹
1090 3259 1327 3321 reversi
1369 3265 1519 3321 sunt
1557 3280 1670 3340 per
1708 3260 1833 3321 iter
1872 3260 2037 3337 quod
2089 3259 2309 3338 ierant,
2351 3259 2418 3319 id
2460 3265 2561 3320 est
2599 3279 2793 3337 usque
2849 3259 2930 3320 ad
2971 3280 3109 3321 00111
3159 3261 3359 3323 locum
3385 3285 3416 3320 »

537 3359 927 3420 amanuensis
969 3358 1278 3437 omiserat,
1323 3378 1519 3436 eaque
1560 3364 1781 3438 postea
1819 3358 1884 3418 in
1923 3358 2045 3444 fine
2086 3359 2368 3437 pagellae
2397 3359 2651 3421 minutis
2679 3359 2883 3420 literis
2918 3360 3331 3439 transcripsit.
3411 3427 3420 3435 ,

693 3455 716 3491 ²
742 3455 867 3516 Hic
906 3456 1207 3518 asseritur
1244 3455 1409 3516 filios
1450 3455 1650 3517 Israel
1680 3474 1715 3516 0
1743 3454 2076 3516 solitudine
2119 3454 2293 3515 Sinai
2318 3473 2607 3517 reversos
2629 3475 2770 3518 esse
2796 3477 2911 3536 per
2939 3456 3203 3519 eandem
3231 3458 3416 3538 viam,
3539 3445 3544 3452 ⁵

533 3574 713 3631 quam
736 3560 1062 3616 tenuerant
1080 3574 1275 3631 usque
1299 3553 1377 3615 ad
1399 3553 1559 3615 hunc
1575 3555 1795 3631 locum,
1812 3561 1883 3615 ut
1909 3553 2053 3615 inde
2072 3560 2360 3634 peterent
2386 3560 2616 3615 terram
2641 3554 3156 3633 repromissionis.
3190 3555 3314 3630 Qui
3334 3557 3419 3618 lo·

532 3671 641 3713 cus
672 3671 811 3712 esse
833 3651 1083 3714 videtur
1101 3651 1166 3712 in
1189 3651 1438 3718 deserto
1458 3652 1709 3714 Pharan
1738 3652 1947 3733 (Num.
1967 3653 2052 3726 X,
2078 3653 2178 3731 12)
2199 3653 2302 3714 vel
2325 3652 2435 3713 Sin
2460 3652 2667 3732 (Num.
2689 3653 3011 3730 XXXIII,
3043 3654 3174 3733 36);
3201 3674 3416 3717 verum

532 3749 588 3810 si
616 3754 890 3809 nostram
920 3749 1324 3827 Peregrinam
1350 3770 1762 3829 sequeremur,
1790 3771 1984 3829 prope
2013 3757 2286 3812 montem
2312 3753 2952 3812 Hamman-Faraoun
2991 3770 3129 3813 eam
3159 3753 3418 3814 mansio·

530 3867 669 3909 nem
697 3861 1082 3925 poneremus.
1123 3848 1305 3909 Hanc
1346 3849 1694 3928 opinionem
1731 3869 1855 3909 non
1893 3869 2111 3927 parum
2149 3848 2563 3910 contentionis
2605 3848 3043 3912 suscitaturam
3077 3851 3384 3929 perspicio
3399 3872 3418 3929 ς

531 3945 646 4008 8οᾶ
686 3953 905 4024 utpote
946 3947 1298 4008 veneranda
1338 3947 1706 4024 antiquitate
1747 3946 2065 4008 suffultam
2104 3966 2229 4007 non
2270 3947 2465 4009 audeo
2507 3946 2814 4010 refellere.

689 4043 715 4079 ⁸
743 4043 994 4123 Clysma
1033 4051 1305 4106 castrum
1346 4052 1410 4107 et
1450 4027 1671 4123 portus
1708 4044 1775 4105 in
1801 4043 1923 4105 fine
1954 4045 2127 4106 sinus
2153 4044 2632 4123 Heroopolitani
2661 4045 2849 4124 (Ptol.
2891 4043 3004 4124 IV,
3049 4047 3119 4124 ὅς
3162 4047 3416 4112 Lucian.

529 4143 595 4204 in
620 4143 1058 4205 Pseudomant.
1103 4143 1359 4206 Cosmas
1400 4144 1709 4223 Iudicopl.
1734 4144 1800 4206 10
1825 4144 2226 4208 Montfaucon
2268 4144 2524 4224 0011001.
2565 4164 2626 4204 0.
2669 4146 2928 4206 Patrum
2957 4145 3028 4207 Τ.
3058 4147 3146 4223 Π,
3187 4168 3247 4226 p.
3275 4148 3414 4227 194)

531 4242 761 4303 dictum
798 4250 1019 4321 postea
1059 4244 1139 4303 ab
1178 4242 1408 4304 Arabis
1448 4245 1726 4320 Kolzum,
1768 4243 1953 4306 hodie
2008 4243 2181 4306 Sues.
2221 4244 2519 4308 Nonnulli
2574 4244 2852 4307 eamdem
2893 4244 3211 4308 civitatem
3255 4266 3415 4322 esse,

531 4359 601 4400 ac
654 4340 983 4417 Arsinoen,
1038 4340 1462 4402 adfirmarunt:
1517 4340 1629 4402 sed
1685 4343 1765 4403 ab
1818 4362 1893 4403 ea
1938 4341 2443 4421 distinguendam
2497 4362 2638 4404 esse
2693 4342 3133 4406 animadvertit
3182 4346 3417 4424 primus

533 4438 837 4501 Gellarius
881 4441 994 4520 (Π,
1035 4461 1094 4519 p.
1136 4441 1301 4520 831).
1347 4439 1514 4502 Satis
1556 4441 1798 4503 abunde
1841 4442 1919 4503 de
1961 4442 2276 4522 Clysmate
2319 4441 2660 4521 Peregrina
2698 4441 2896 4504 refert
2919 4441 2987 4503 in
3026 4444 3216 4505 Petro
3260 4443 3417 4524 diac,

528 4546 601 4600 ut
637 4538 803 4599 infra
841 4538 1108 4616 videbis,
1150 4538 1405 4616 eiusque
1449 4540 1637 4601 situm
1676 4541 1743 4601 in
1784 4542 1916 4603 loco
1961 4542 2114 4606 Sues
2153 4541 2489 4603 confirmat.
2543 4541 2703 4603 Nam
2755 4541 2825 4602 111
2875 4541 2998 4602 fine
3050 4542 3237 4604 maris
3281 4563 3416 4621 ery-

530 4636 694 4697 threi
734 4637 811 4698 ab
853 4657 929 4698 ea
966 4637 1304 4698 collocatur
1344 4637 1423 4697 ad
1462 4637 1833 4717 quingentos
1872 4659 2097 4718 passus
2140 4661 2174 4701 e
2213 4645 2425 4701 monte
2467 4659 2648 4702 secus
2697 4661 2865 4702 mare
2920 4640 3062 4718 sito,
3104 4641 3210 4719 qui
3252 4641 3414 4703 alius

531 4754 673 4796 esse
697 4755 821 4797 non
846 4742 1074 4815 potest,
1097 4757 1281 4814 quam
1307 4758 1482 4799 mons
1503 4739 1761 4801 Achaea.
1784 4740 2053 4819 Propter
2073 4740 2237 4818 quod
2273 4740 2495 4801 scribit
2526 4740 2690 4801 filios
2731 4741 2934 4802 Israel
2970 4739 3050 4801 ad
3084 4760 3252 4802 mare
3282 4759 3415 4818 per·

529 4840 748 4911 gentes
790 4840 1059 4896 montem
1101 4836 1407 4897 excelsum
1446 4836 1865 4900 imminentem
1907 4838 1973 4899 in
2012 4858 2180 4901 mare
2229 4839 2525 4901 habuisse
2567 4838 2984 4901 dextrorsum:
3026 4840 3192 4916 qnod
3230 4858 3419 4916 quum

528 4940 796 4995 montem
821 4937 1063 4995 Athaco:
1089 4935 1320 5015 optime
1349 4934 1658 5015 designet,
1689 4935 1963 4998 excludit
1991 4937 2233 4998 omnino
2276 4944 2546 4999 montem
2574 4937 2882 5017 Geneffeh,
2913 4937 3019 5015 qui
3060 4937 3141 4997 ad
3169 4943 3416 5015 septen-

528 5032 791 5093 trionem
829 5032 1105 5112 regionis
1147 5040 1439 5096 extensus
1480 5034 1609 5096 illis
1649 5033 2034 5114 fugientibus
2075 5035 2506 5097 sinistrorsum
2552 5029 2904 5098 necessario
2948 5055 3089 5096 esse
3128 5034 3415 5096 debebat.

530 5128 690 5191 Nam
709 5149 901 5210 prope
925 5130 1176 5209 Clysma
1200 5129 1364 5192 filios
1384 5131 1585 5193 Israel
1604 5150 1773 5192 mare
1794 5133 2043 5193 rubrum
2064 5132 2369 5194 transisse
2393 5132 2628 5210 antiqui
2650 5132 3041 5194 consentiunt
3067 5132 3322 5213 (Euseb.
3338 5131 3417 5192 de

526 5226 570 5289 l.
615 5234 679 5288 et
716 5248 777 5288 n.
818 5226 991 5289 hebr.
1038 5228 1118 5290 ad
1150 5249 1212 5290 v.
1260 5228 1648 5320 Βεελσεφώνς
1682 5228 2073 5308 Philostorg.
2128 5230 2297 5292 Hist.
2354 5230 2479 5308 m,
2535 5250 2588 5291 c.
2631 5233 2700 5308 63
2743 5229 2932 5308 Greg.
2976 5229 3202 5291 Turon.
3243 5228 3414 5290 Hist.

529 5322 749 5384 Franc.
776 5325 830 5403 1,
860 5345 911 5386 c.
944 5326 1065 5405 10).
1097 5325 1448 5388 Antoninus
1475 5348 1554 5388 m.
1587 5327 1662 5407 (c.
1693 5327 1875 5408 XLI)
1919 5348 1953 5388 0
1996 5327 2166 5388 Sinai
2208 5327 2461 5407 Clysma
2488 5328 2732 5407 petivit,
2762 5333 2828 5390 et
2866 5328 3040 5389 venit
3080 5327 3161 5389 ad
3199 5327 3416 5410 ripam,

466 5471 469 5474 .
529 5420 640 5482 ubi
686 5421 1069 5484 transierunt
1111 5422 1227 5484 filii
1275 5424 1498 5504 Israel,
1550 5430 1616 5486 et
1665 5425 1946 5487 exierunt
2002 5427 2079 5488 de
2129 5426 2303 5487 mari.
2347 5427 2512 5488 Item
2558 5446 2789 5504 01111108,
2845 5426 2951 5505 qui
2993 5425 3072 5487 de
3124 5425 3418 5505 Aegypto

532 5518 952 5598 egrediuntur,
993 5527 1063 5581 ut
1104 5520 1184 5581 ad
1213 5521 1447 5584 Sinaim
1475 5543 1545 5585 se
1574 5522 1911 5602 conferant,
1954 5523 2076 5585 iter
2114 5524 2348 5585 habent
2386 5545 2502 5605 per
2542 5525 2717 5588 Sues.
2760 5524 3143 5603 Quamquam
3161 5542 3264 5586 res
3304 5542 3418 5603 per

532 5633 603 5680 se
643 5617 842 5697 ipsam
883 5617 974 5680 ita
1012 5626 1207 5702 patet,
1249 5625 1321 5681 ut
1351 5619 1485 5703 jam
1521 5641 1637 5683 nos
1664 5621 1743 5683 de
1773 5620 2091 5704 Clysmate
2117 5621 2186 5684 in
2213 5621 2371 5683 Sues
2410 5621 2537 5686 situ
2576 5621 2889 5704 ambigere
2925 5643 3049 5685 000
3087 5620 3416 5706 possimus,
