4642 6650
1528 722 1618 766 me
1664 722 2018 767 mrs‘rnnns
2065 723 2153 767 ΕΤ
2198 724 2417 769 nrum
3320 707 3403 771 27

530 946 1033 1042 repperiatur.
1091 944 1443 1039 Namque
1500 943 1685 1017 dum
1739 944 2022 1018 creatio
2079 942 2282 1017 orbis
2339 941 2694 1034 refertur,
2763 942 2968 1019 Deus
3024 943 3403 1040 cognosci-

528 1075 661 1145 tur
714 1072 794 1145 in
851 1071 1227 1146 creando:
1286 1071 1466 1143 dum
1524 1070 1781 1145 Enoch
1820 1070 2244 1145 translatus
2283 1069 2598 1145 auditur
2633 1091 2850 1165 posse
2905 1069 3117 1160 effici,
3173 1071 3404 1146 homo

527 1200 991 1294 intelligitur
1045 1201 1441 1273 aeternus:
1501 1197 1684 1270 dum
1740 1195 1937 1270 Loth
1994 1196 2324 1293 perustis
2390 1196 2726 1292 quinque
2782 1195 3227 1272 civitatibus
3282 1221 3401 1272 re-

528 1328 903 1414 servatur,
947 1345 1204 1397 coram
1241 1321 1401 1395 Deo
1441 1342 1602 1396 esse
1639 1344 1877 1395 curam
1916 1320 2433 1394 innocentium
2476 1319 2872 1395 discimus:
2915 1322 3098 1395 dum
3135 1326 3404 1397 contra

528 1450 862 1525 edictum
923 1449 1062 1523 Dei
1119 1452 1327 1523 retro
1383 1448 1786 1543 respiciens
1830 1469 2023 1520 uxor
2077 1447 2239 1520 eius
2278 1447 2360 1519 in
2416 1447 2848 1521 columnam
2904 1448 3081 1521 salis
3140 1449 3400 1523 demu-

525 1577 766 1666 tatur,
834 1575 929 1647 ad
998 1573 1510 1649 obedientiam
1568 1573 2212 1647 constitutionum
2277 1572 2421 1647 Dei
2490 1574 2815 1669 exempli
2882 1577 3094 1649 metu
3151 1575 3399 1649 erudi-

526 1723 737 1774 mur:
779 1700 963 1773 dum
1001 1702 1311 1795 peccata
1349 1699 1892 1773 Amorreorum
1950 1700 2453 1793 expectantur
2501 1697 2821 1794 impleri,
2864 1702 2945 1773 et
2983 1699 3399 1774 misericor-

526 1824 732 1899 diam
787 1826 928 1900 Dei
1002 1829 1083 1900 et
1155 1825 1534 1898 iustitiam
1590 1824 2159 1919 cognoscimus:
2220 1846 2393 1897 cum
2463 1826 2543 1898 et
2590 1821 2600 1914 Ι
2651 1825 3175 1920 expectatione
3240 1826 3402 1900 eius
3455 1841 3526 1898 26

526 1950 916 2026 desinendi
970 1951 1190 2025 nobis
1244 1974 1292 2025 a
1344 1950 1671 2047 peccatis
1726 1954 2029 2045 tempus
2078 1952 2539 2045 prorogatur
2568 1940 2615 2040 ¹,
2675 1950 2872 2024 etin
2926 1972 3400 2025 consumma·

524 2077 817 2151 tionem
870 2078 1239 2152 scelerum
1291 2078 1489 2151 ultio
1549 2077 1793 2151 dilata
1841 2076 2299 2151 decernitur.
2359 2076 2526 2149 Iam
2584 2098 2762 2151 vero
2817 2077 3400 2172 generationum

527 2201 741 2292 ordo,
799 2201 1158 2278 Abrahae
1214 2202 1506 2293 electi0,
1559 2202 2168 2298 patriarcharum
2226 2202 2679 2299 procreatiO,
2728 2202 2992 2298 populi
3046 2203 3404 2294 servitus,

525 2327 1082 2424 Aegyptiorum
1129 2328 1401 2419 cladeS,
1443 2329 1676 2403 maris
1732 2328 2029 2418 divisiO,
2067 2351 2396 2403 mannae
2452 2327 2833 2418 irroratiO,
2878 2327 3067 2423 legis
3121 2329 3399 2403 const-i-

524 2456 755 2545 tutio‚
797 2453 1335 2531 sacrificiorum
1378 2454 1795 2545 distinctiO,
1834 2453 2172 2528 iudicum
2211 2457 2540 2549 tempuS,
2581 2476 2989 2549 regnorum
3040 2454 3397 2549 cognitiO,

523 2579 784 2675 populi
840 2581 918 2652 in
976 2579 1430 2676 captivitate
1512 2578 2117 2673 transmigrati0‚
2176 2580 2613 2652 sanctorum
2693 2578 2908 2669 visio,
2979 2578 3398 2653 admonitio

523 2706 1098 2802 prophetarum,
1129 2705 1211 2778 in
1243 2706 1619 2800 quantum
1649 2705 1748 2778 ad
1776 2704 2286 2799 cognitionem
2303 2704 2728 2779 necessaria
2751 2707 2902 2779 est:
2936 2705 3014 2777 in
3046 2704 3398 2779 omnibus

523 2831 727 2905 enim
781 2833 1224 2907 memoratis
1279 2832 1663 2928 superius,
1711 2831 1914 2906 Deus
1970 2835 2213 2929 pater,
2275 2834 2357 2907 et
2410 2832 2616 2907 Deus
2671 2830 2897 2925 filius,
2956 2836 3038 2909 et
3091 2854 3185 2906 ex
3238 2833 3398 2908 Deo

523 2959 743 3052 patre
797 2957 1003 3031 Deus
1059 2956 1284 3049 filius,
1342 2956 1548 3032 Deus
1603 2959 1684 3031 et
1738 2956 1966 3030 homo
2022 2956 2233 3032 Iesus
2292 2957 2637 3032 Christus
2677 2957 3137 3054 agnoscitur.
3196 2959 3399 3032 Dum

456 3080 469 3095 ‘
521 3082 602 3154 in
657 3083 1115 3157 erectionem
1171 3082 1437 3156 mundi
1491 3082 1698 3156 Deus
1752 3082 1992 3173 iubet,
2051 3085 2131 3157 et
2186 3082 2391 3158 Deus
2447 3083 2716 3159 efficit:
2776 3084 2960 3157 dum
3014 3084 3244 3160 homo
3299 3084 3397 3158 ad

521 3208 944 3281 communis
997 3207 1350 3304 imaginis
1406 3208 1730 3302 speciem
1770 3207 2185 3282 formatur:
2245 3208 2426 3281 dum
2467 3208 2670 3305 pluit
2723 3208 2971 3283 sulfur
3007 3213 3088 3283 et
3143 3211 3396 3306 ignem

523 3334 889 3409 Dominus
944 3358 992 3408 a
1046 3335 1414 3423 Domino:
1471 3357 1654 3408 nam
1708 3355 1846 3410 nec
1901 3334 2044 3408 sibi
2113 3335 2280 3430 quis
2338 3335 2661 3426 iuberet,
2719 3339 2813 3409 ut
2893 3336 3202 3428 faceret,
3260 3360 3398 3412 nec

520 3461 1129 3535 communionem
1185 3484 1403 3535 suam
1461 3461 1560 3533 ad
1615 3462 1950 3534 alterum
2006 3461 2215 3534 solus
2269 3460 2733 3551 ostenderet,
2773 3483 2912 3536 nec
2948 3461 3100 3535 sibi
3149 3462 3394 3553 daret,

518 3590 751 3681 atque
806 3610 853 3660 a
908 3609 991 3661 se
1045 3609 1245 3660 unus
1301 3586 1708 3682 acciperet:
1767 3586 1952 3659 dum
2010 3586 2236 3660 homo
2293 3586 2392 3660 ab
2450 3586 2843 3661 Abraham
2926 3587 3258 3679 videtur,
3317 3591 3399 3662 et

517 3712 721 3786 Deus
776 3711 1184 3788 adoratur:
1228 3712 1409 3784 dum
1446 3711 1527 3784 in
1583 3710 1808 3786 Iacob
1844 3712 2058 3786 lucta
2095 3713 2191 3786 ab
2231 3712 2539 3787 homine
2577 3712 2783 3787 Deus
2821 3713 3172 3788 videtur:
3214 3712 3396 3787 dum

456 3932 463 3938 ι
518 3838 903 3912 hominem
959 3841 1230 3912 tenens
1296 3838 1634 3912 benedici
1689 3860 1769 3912 se
1824 3861 1871 3911 a
1936 3837 2261 3912 Domino
2330 3838 2713 3935 postulat:
2773 3837 2957 3912 dum
3021 3863 3069 3912 a
3131 3838 3393 3913 Nabu-

518 3964 989 4039 chodonosor
1041 3964 1290 4037 tribus
1346 3966 1654 4037 tantum
1709 3964 1963 4059 pueris
2020 3964 2100 4037 in
2156 3964 2540 4039 caminum
2597 3964 2885 4056 missis,
2956 3966 3188 4039 simili
3252 3967 3394 4042 Dei

517 4088 675 4163 filio
732 4093 1053 4184 quartus
1125 4089 1532 4186 aspicitur:
1609 4088 1789 4162 dum
1856 4090 2062 4185 parit
2133 4090 2349 4186 virgo
2439 4090 2947 4166 Heminanuol
3003 4115 3201 4184 eum,
3263 4093 3394 4190 qui

517 4216 912 4290 nobiscum
967 4213 1172 4290 Deus
1227 4219 1367 4290 est.
1407 4215 1614 4290 Haec
1668 4236 1846 4310 ergo
1904 4214 2001 4288 ab
2042 4216 2394 4289 omnibus
2432 4216 2885 4312 significata,
2927 4218 3005 4290 in
3051 4240 3201 4292 uno
3260 4217 3392 4293 illo

518 4342 825 4438 cognita
881 4344 963 4417 et
1014 4341 1344 4437 expleta,
1401 4342 1777 4417 reservari
1832 4342 1910 4414 in
1967 4342 2416 4416 memoriam
2471 4342 2772 4438 scriptis
2810 4346 2892 4419 et
2928 4345 3394 4440 consignatis

517 4464 1034 4540 voluminibus
1090 4465 1472 4556 convenit,
1534 4469 1623 4540 ut
1675 4467 2087 4562 posteritas
2143 4467 2699 4541 successionum
2738 4470 2971 4562 gestis
3027 4469 3393 4564 temporis

460 4659 469 4668 .
514 4593 919 4667 anterioris
944 4593 1376 4704 'instructa,
1422 4595 1515 4666 'et
1568 4593 2001 4688 praesentia
2058 4593 2293 4668 etiam
2324 4594 2402 4666 in
2444 4593 2880 4689 praeteritis
2919 4594 3387 4689 contempla-

516 4720 754 4806 retur,
812 4722 894 4791 et
966 4718 1386 4813 praeterita
1459 4739 1661 4793 nunc
1735 4739 2039 4813 quoque
2112 4717 2193 4791 in
2257 4719 2784 4813 praesentibus
2866 4721 3390 4793 veneraretur.

516 4840 866 4937 Namque
923 4842 1211 4933 eadem,
1255 4865 1428 4917 cum
1475 4841 1812 4938 perfecta
1868 4841 2221 4916 veritatis
2278 4842 2612 4938 cognitio
2671 4846 2809 4933 est,
2851 4842 2915 4916 si
2951 4844 3238 4918 veritas
3298 4865 3392 4915 ex

517 4967 821 5042 ratione
876 4968 1362 5064 intelligatur
1419 4968 1708 5059 (omnia
1763 4969 1964 5043 enim
2021 4968 2120 5041 ad
2175 4968 2690 5064 cognitionem
2744 4974 3111 5059 nostram,
3157 4972 3391 5066 atque

516 5092 614 5167 ad
669 5093 1179 5168 firmissimam
1218 5095 1480 5169 iudicii
1521 5094 1765 5169 nostri
1794 5095 2020 5170 fidem
2057 5096 2340 5191 scripta
2378 5098 2615 5188 sunt),
2656 5119 2903 5193 neque
2940 5096 3150 5186 haec,
3193 5118 3389 5191 quae

511 5240 606 5291 ex
658 5220 1046 5293 sententia
1117 5219 1260 5293 Dei
1313 5220 1395 5291 in
1477 5219 1710 5294 libros
1764 5221 2013 5294 relata
2094 5224 2300 5312 sunt,
2389 5221 2821 5316 cognitione
2909 5220 3384 5317 posteritatis

509 5346 909 5438 eguerunt.
981 5343 1126 5418 Sed
1198 5345 1631 5442 cognitione
1699 5345 2253 5442 scripturarum
2334 5346 2746 5443 posteritas
2812 5346 3228 5442 indigebat,
3296 5349 3388 5420 ut

675 5596 691 5627 ¹
722 5592 1105 5666 prorogetur.
