4642 6650
1143 671 1231 737 56
2130 692 2183 736 s.
2233 692 2496 737 smvrAs:
2544 693 3037 739 Pnanomru‘mo

1149 913 1230 986 et
1266 911 1421 984 alia
1461 910 1570 1006 Og
1679 910 1876 1006 regis
1932 899 2205 1002 Basan,
2244 933 2441 1006 quae
2468 935 2670 987 01100
2707 912 2987 986 dicitur
3019 904 3362 987 Sasdra¹.
3402 913 3725 989 Item-de
3763 914 4032 989 eodem

1147 1036 1313 1109 1000
1344 1038 1652 1109 ostensa
1674 1039 1791 1110 est
1818 1036 2035 1110 nobis
2066 1060 2112 1109 a
2141 1039 2412 1110 contra
2439 1035 2686 1133 Fogor
2705 1031 2755 1128 ²,
2791 1060 2987 1134 quae
3017 1038 3168 1111 fuit
3191 1028 3200 1139 Ι
3224 1039 3493 1113 civitas
3521 1039 3738 1135 regni
3764 1039 4030 1114 Edom.

1148 1159 1313 1233 Hae
1344 1162 1603 1234 autem
1636 1160 1991 1235 civitates
2030 1183 2315 1252 010003,
2357 1184 2546 1257 quas
2585 1162 3057 1254 videbamus,
3097 1162 3177 1234 in
3213 1163 3603 1237 montibus
3641 1167 3864 1239 erant
3898 1186 4032 1258 po-

1151 1285 1369 1375 sitae,
1427 1284 1631 1358 infra
1687 1288 1948 1359 autem
2007 1285 2297 1360 modice
2355 1287 2710 1360 deorsum
2747 1287 3046 1381 planior
3081 1287 3292 1361 locus
3328 1288 3545 1361 nobis
3601 1287 4033 1363 videbatur.

1151 1412 1364 1485 Tunc
1392 1411 1681 1484 dictum
1711 1416 1828 1485 est
1865 1412 2105 1498 nobis,
2138 1413 2319 1507 quia
2350 1412 2429 1484 in
2459 1412 2696 1486 isdem
2728 1412 3015 1503 diebuS,
3048 1413 3350 1506 quando
3388 1415 3698 1488 sanctus
3736 1414 4040 1510 Moyses

1152 1536 1278 1609 vel
1333 1535 1470 1608 filii
1526 1535 1763 1610 Israel
1822 1541 2092 1610 contra
2147 1536 2320 1610 illas
2375 1537 2729 1611 civitates
2783 1540 3347 1632 pugnaverunt,
3408 1542 3659 1612 castra
3710 1512 3820 1612 ibi
3884 1538 4040 1611 fixa

1154 1661 1642 1735 habuissent:
1696 1685 1883 1734 nam
1941 1664 2032 1736 et
2086 1662 2304 1757 signa
2360 1661 2469 1736 ibi
2514 1662 2885 1757 parebant
2923 1665 3371 1736 castrorum.
3414 1662 3612 1738 Sane
3647 1664 3783 1737 illa
3818 1667 4040 1759 parte

1156 1786 1463 1876 montis,
1499 1809 1732 1881 quam
1766 1786 1924 1859 dixi
1956 1785 2289 1877 sinistra,
2324 1810 2518 1883 quae
2548 1790 2716 1860 erat
2745 1809 2971 1884 super
3008 1809 3217 1862 mare
3243 1790 3660 1880 mortuum,
3694 1791 4038 1863 ostensus

1158 1915 1278 1984 est
1333 1912 1552 1985 nobis
1607 1934 1825 1985 mons
1880 1912 2214 2008 precisus
2252 1913 2500 2003 valde,
2560 1913 2691 2008 qui
2748 1913 2996 1987 dictus
3032 1916 3151 1987 est
3186 1915 3370 1988 ante
3419 1914 3606 2009 Agri
3659 1916 3964 2009 specula
3987 1906 4038 1987 ³.

1159 2036 1301 2111 Hic
1339 2039 1456 2111 est
1490 2060 1732 2129 mons,
1773 2038 1852 2111 in
1896 2061 2045 2133 quo
2100 2039 2358 2134 posuit
2413 2037 2645 2113 Balac
2699 2038 2901 2113 filius
2956 2038 3153 2113 Beor
3206 2039 3524 2113 Balaam
3563 2040 3907 2115 divinum
3944 2040 4043 2115 ad

1160 2163 1716 2237 maledicendos
1756 2163 1950 2237 filios
1989 2163 2223 2238 Israel
2235 2185 2253 2252 3
2298 2166 2381 2237 et
2418 2163 2670 2238 noluit
2699 2164 2903 2238 Deus
2932 2165 3046 2238 ita
3074 2167 3542 2259 permittere,
3584 2165 3781 2239 sicut
3815 2167 4044 2262 scrip-

1122 2280 1330 2360 'tum
1387 2289 1527 2361 est.
1587 2287 1698 2362 Ac
1752 2288 1860 2361 sic
1914 2310 2095 2385 ergo
2153 2288 2337 2364 visis
2392 2288 2767 2380 omnibus,
2827 2311 3023 2384 quae
3079 2289 3715 2380 desiderabamuS,
3774 2291 3855 2364 in
3907 2312 4040 2364 no-

1162 2412 1367 2487 mine
1403 2412 1546 2486 Dei
1583 2416 2054 2488 revertentes
2095 2436 2230 2509 per
2266 2414 2585 2505 Iericho,
2630 2416 2711 2488 et
2748 2415 2900 2489 iter
2946 2436 3190 2505 omne,
3234 2414 3435 2510 quod
3473 2416 3879 2506 iveramus,
3925 2436 4040 2489 re-

1165 2538 1401 2632 gressi
1456 2558 1718 2611 sumus
1774 2537 1854 2610 in
1909 2537 2462 2612 Ierusolimam.

1326 2661 1528 2736 Item
1565 2665 1739 2758 post
1776 2663 2261 2759 aliquantum
2301 2666 2606 2758 tempus
2635 2654 3161 2738 17011110113104
3199 2662 3297 2736 ad
3334 2663 3716 2759 regionem
3756 2662 4047 2736 Ausiti·

1169 2788 1342 2862 dem
1370 2780 1399 2822 ⁵
1452 2789 1803 2865 accedere
1847 2792 2158 2885 propter
2209 2790 2603 2865 visendam
2644 2789 3091 2865 memoriam
3128 2776 3373 2864 sancti
3410 2789 3546 2863 Iob
3584 2791 3838 2885 gratia
3875 2811 4046 2863 ora·

1168 2913 1402 2988 tionis
1433 2905 1483 2987 ⁶.
1540 2913 1826 2988 Multos
1866 2913 2065 2988 enim
2109 2917 2415 2988 sanctos
2452 2914 2864 2987 monachos
2919 2913 3274 2988 videbam
3330 2913 3503 2987 inde
3539 2913 3930 2988 venientes
3968 2913 4050 2986 in

1172 3037 1701 3113 Ierusolimam
1757 3039 1854 3112 ad
1910 3038 2225 3113 visenda
2279 3039 2448 3113 loca
2505 3041 2769 3113 sancta
2824 3038 3077 3133 gratia
3115 3038 3518 3111 orationis:
3578 3038 3710 3133 qui
3750 3038 4050 3133 singula

1172 3164 1595 3238 referentes
1653 3163 1744 3237 de
1800 3162 2084 3236 eisdem
2138 3162 2348 3253 10013,
2407 3163 2751 3237 fecerunt
2804 3161 3046 3258 magis
3103 3161 3559 3237 desiderium
3613 3162 4051 3257 imponendi

1176 3289 1365 3364 mihi
1392 3288 1700 3380 laboris,
1743 3291 1835 3363 ut
1873 3288 2107 3365 etiam
2153 3311 2391 3385 usque
2429 3290 2528 3364 ad
2565 3288 2700 3362 illa
2736 3288 2903 3363 loca
2941 3287 3396 3363 accederem:
3436 3288 3500 3362 si
3538 3289 3800 3362 tamen
3834 3288 4052 3361 labor

1179 3416 1325 3489 dici
1378 3416 1656 3511 potest,
1687 3415 1819 3489 ubi
1857 3414 2084 3488 homo
2127 3414 2586 3489 desiderium
2624 3438 2847 3488 suum
2887 3415 3245 3508 compleri
3282 3414 3519 3489 videt.
3558 3414 3832 3510 Itaque
3870 3436 4050 3510 ergo

1179 3541 1520 3637 profecta
1576 3563 1746 3613 sum
1803 3541 1896 3614 de
1950 3540 2400 3614 Ierusolima
2456 3563 2630 3614 01101
2686 3540 2992 3630 sanctis,
3035 3540 3167 3635 qui
3204 3543 3468 3614 tamen
3524 3540 3819 3636 dignati
3874 3543 4057 3614 sunt

1118 3763 1129 3774 ·
1181 3666 1441 3740 itineri
1496 3688 1664 3740 meo
1721 3666 2176 3741 comitatum
2231 3669 2594 3762 prestare,
2653 3668 2734 3741 et
2787 3666 2932 3762 ipsi
2997 3668 3260 3740 tamen
3334 3666 3586 3761 gratia
3661 3667 4055 3740 orationis,

1182 3792 1491 3867 Habens
1539 3814 1718 3889 ergo
1758 3791 1907 3866 iter
1946 3791 2043 3866 ab
2098 3790 2551 3865 Ierusolima
2590 3812 2831 3887 usque
2869 3791 2967 3864 ad
3007 3789 3333 3865 Car-neas
3372 3791 3621 3865 eundo
3660 3813 3793 3888 per
3845 3814 4056 3864 man-

1347 4054 1366 4090 ¹
1399 4053 1628 4116 Sasdra
1653 4053 1877 4115 civitas
1904 4052 2133 4128 Bassa,
2167 4054 2301 4114 sive
2331 4052 2700 4131 Batanaeae,
2734 4059 2867 4113 erat
2894 4051 3171 4132 profecto
3198 4050 3263 4113 in
3292 4054 3424 4113 eius
3452 4051 3806 4130 provinciae
3837 4050 4064 4112 finibus

1188 4152 1560 4214 australibus
1600 4152 1825 4231 posita,
1867 4170 2143 4231 prorsUS,
2186 4151 2251 4211 ni
2280 4149 2481 4228 fallor,
2509 4150 2754 4228 ignota:
2781 4149 2906 4211 nisi
2935 4149 3219 4210 malimus
3264 4149 3545 4210 eamdem
3592 4169 3751 4225 esse,
3795 4169 3864 4209 ac
3912 4148 4066 4209 Sal-

1190 4254 1382 4312 cham.
1431 4251 1614 4312 Dent.
1660 4271 1711 4311 0.
1751 4250 1874 4327 ΙΠ,
1917 4269 1977 4310 v.
2025 4251 2119 4309 10.

1348 4350 1373 4386 ²
1400 4350 1609 4429 Fogor
1648 4349 1812 4411 inter
1853 4348 2140 4411 civitates
2183 4348 2381 4409 Edom
2421 4349 2523 4409 vel
2563 4348 2894 4409 Idumaeae
2934 4368 3057 4408 non
3105 4347 3413 4428 reperitur
3452 4345 3517 4407 in
3560 4346 3755 4407 sacris
3797 4345 4065 4406 chartis:

1188 4448 1456 4527 legimus
1497 4453 1704 4508 tamen
1744 4448 1809 4506 in
1835 4445 2213 4524 Hieronymo
2246 4445 2512 4526 (Nomin.
2541 4445 2889 4525 Hebraic.):
2925 4467 2956 4503 α
2978 4443 3341 4523 Bethfogor‚
3367 4444 3520 4504 urbs
3547 4442 3812 4504 filiorum
3845 4443 4068 4504 Ruben

1191 4553 1364 4606 trans
1405 4545 1733 4605 Iordanem
1772 4543 1945 4605 iuxta
1985 4550 2254 4604 montem
2292 4542 2502 4621 Fogor
2543 4549 2757 4604 contra
2795 4540 3110 4609 Hiericho.
3154 4560 3265 4602 sex
3305 4540 3582 4602 millibus
3626 4561 3815 4619 supra
3869 4540 4074 4602 Libia-

1192 4644 1335 4707 dem
1359 4667 1413 4705 ».
1455 4644 1541 4704 Et
1578 4642 1646 4703 in
1683 4643 1939 4704 Denter.
1983 4642 2105 4720 111,
2153 4644 2260 4703 10:
2308 4665 2340 4701 e
2363 4643 2704 4704 Mansimus
2732 4642 2798 4703 in
2823 4642 2987 4703 valle
3017 4640 3105 4723 (in
3133 4640 3579 4720 campestribus
3608 4640 3819 4721 Moab)
3861 4645 4076 4702 contra

1192 4743 1430 4805 Fanum
1469 4743 1721 4820 Phogor
1745 4765 1799 4802 ».

1355 4838 1380 4875 ³
1407 4840 1485 4900 In
1524 4838 1658 4900 cod.
1701 4838 2073 4917 agrisecu1a‚
2117 4858 2323 4899 errore
2365 4838 2774 4899 amanuensis.
2815 4838 2991 4900 Hier.
3033 4838 3099 4898 in
3151 4836 3300 4898 Eus.
3345 4856 3400 4898 o.
3443 4855 3529 4897 c.:
3588 4834 4073 4914 ‹Agrispeculm

1170 4958 1371 5000 .mons
1411 4944 1509 4999 est
1548 4937 1979 5012 Moabitarum,
2020 4936 2087 4997 in
2126 4936 2348 5014 quibus
2377 4936 2635 4998 adduxit
2663 4936 2872 5014 Balac,
2902 4935 3068 4996 filius
3097 4934 3353 5014 Sephor,
3382 4933 3639 4995 Balaam
3675 4933 3953 4995 divinum
3996 4932 4077 4994 ad

1198 5034 1684 5097 maledicendum
1723 5034 1922 5095 Israel
1964 5053 2151 5111 super
2189 5033 2512 5112 verticem,
2557 5034 2662 5111 qui
2703 5040 2957 5113 propter
2996 5031 3330 5094 vehemens
3384 5036 3781 5110 praeruptum
3820 5037 4080 5093 vocatur

1201 5133 1463 5210 excisus,
1507 5140 1571 5194 et
1609 5132 1887 5193 imminet
1928 5133 2081 5193 mari
2122 5140 2361 5193 mortuo
2403 5132 2568 5192 haud
2609 5133 2820 5210 procul
2862 5134 2939 5193 ab
2981 5132 3238 5193 Arnone
3265 5153 3318 5190 ».

1360 5233 1387 5267 ‘²
1415 5232 1563 5293 cod.
1596 5252 1755 5294 esse.
1780 5268 1857 5277 —-
1886 5231 1910 5267 ⁵
1936 5232 2284 5293 Ausitidis:
2309 5232 2400 5292 sic
2441 5231 2851 5311 Septuaginta
2871 5238 3192 5292 verterunt
3231 5244 3453 5291 nomen
3493 5227 3764 5306 regionis
3806 5227 3950 5303 Utz,
3978 5227 4080 5289 vel

1201 5332 1360 5392 Hus.
1402 5331 1536 5406 Iob,
1574 5331 1627 5407 Ι,
1660 5333 1728 5392 1:
1762 5331 1935 5392 «Vir
1974 5337 2109 5392 erat
2149 5330 2213 5390 10
2255 5338 2424 5391 terra
2462 5331 2602 5391 Hus
2626 5353 2680 5389 ».

1362 5431 1387 5468 ⁶
1415 5430 1669 5492 Saeculo
1711 5434 1925 5508 quarto
1967 5428 2384 5509 peregrinatio
2427 5430 2506 5490 ad
2548 5429 2897 5507 sepulcrum
2936 5429 3052 5489 Iob
3095 5425 3320 5488 devote
3362 5426 3840 5507 suscipiebatur,
3893 5430 3967 5485 ut
4007 5445 4085 5486 ex

1205 5530 1428 5594 omelia
1466 5528 1678 5606 quinta
1716 5527 1849 5589 Ioh.
1895 5526 2323 5607 chrysostomi
2365 5526 2444 5588 ad
2483 5528 2777 5609 populum
2829 5525 3282 5589 Antiochenam
3337 5531 3715 5604 compertum
3763 5524 4079 5585 habemus.
