4642 6650
1114 2796 1186 2853 13

1246 669 1329 734 14
2504 684 2556 730 Β.
2606 686 2860 732 mamm

1242 909 1740 982 demonstrat.
1783 907 2270 980 Benedicitur
2327 907 2531 980 enim
2585 905 2836 997 Iacob,
2879 910 2971 979 ut
3010 905 3104 981 de
3160 929 3331 981 rore
3378 907 3565 980 coeli
3621 911 3701 982 et
3756 909 4114 983 ubertate

1239 1036 1493 1107 terrae
1549 1032 1891 1108 abundet
1921 1023 1941 1064 ¹
1999 1033 2179 1107 vino
2236 1034 2316 1106 et
2370 1031 2675 1106 tritico:
2735 1034 3004 1105 contra
3061 1053 3240 1106 vero
3299 1032 3580 1106 famem
3636 1033 4113 1127 periclitatus

1241 1161 1379 1248 est,
1438 1160 1518 1231 et
1573 1158 1663 1232 de
1718 1157 2069 1253 Aegypto
2127 1157 2517 1231 frumenta
2572 1158 2782 1230 emit.
2826 1155 2916 1229 In
2972 1157 3424 1232 servitutem
3463 1157 3533 1231 ei
3568 1161 3834 1253 gentes
3871 1159 4109 1232 subii-

1240 1284 1582 1357 ciuntur:
1643 1282 1827 1378 quin
1883 1282 2135 1378 potius
2176 1281 2256 1354 in
2310 1282 2430 1354 ius
2470 1281 2891 1355 Pharaonis
2930 1282 3089 1376 ipse
3147 1304 3319 1356 cum
3355 1282 3563 1356 omni
3619 1306 3760 1356 sua
3816 1283 4116 1357 familia

1239 1428 1317 1481 se
1373 1406 1602 1482 dedit.
1658 1405 2113 1481 Adorandus
2168 1429 2214 1478 a
2272 1403 2732 1500 principibus
2789 1405 3109 1479 dicitur:
3169 1406 3298 1480 sed
3374 1405 3617 1500 magis
3673 1406 4118 1482 dominante

1238 1533 1499 1606 Laban
1554 1532 2006 1607 servitutem
2084 1532 2311 1607 multi
2387 1532 2753 1629 temporis
2828 1533 3178 1628 pertulit.
3256 1531 3628 1605 Dominus
3687 1532 3909 1606 fratri
3977 1555 4115 1607 suo

1237 1658 1760 1732 constituitur.
1802 1661 1922 1731 An
1980 1659 2163 1754 quid
2202 1660 2522 1736 fratrem
2566 1683 2790 1733 suum
2834 1662 3233 1753 tamquam
3275 1658 3670 1732 dominum
3712 1658 4118 1733 adoravit&

1236 1783 1437 1879 Ergo
1493 1786 1673 1880 quia
1711 1784 2086 1879 scriptura
2125 1785 2518 1861 mendacio
2574 1808 2729 1860 non
2766 1783 3273 1880 periclitatur,
3307 1784 3486 1857 licet
3528 1783 3605 1856 in
3668 1782 3896 1859 Iacob
3933 1784 4117 1858 haec

1237 1910 1442 1983 dicta
1481 1912 1690 1983 sunt:
1735 1909 1814 1982 in
1852 1910 2217 2005 populum
2256 1914 2519 1986 tamen
2559 1933 2784 2006 quem
2816 1909 3410 2006 praeformabat,
3452 1911 3532 1983 et
3562 1909 4116 2004 significantur,

1238 2040 1319 2111 et
1373 2039 1710 2132 aguntur
1736 2027 1786 2109 ².
1825 2035 2034 2110 Haec
2071 2036 2273 2112 enim
2324 2038 2581 2112 omnia
2618 2035 3034 2111 secundum
3076 2034 3520 2130 prophetica
3561 2038 3642 2109 et
3680 2036 4118 2130 evangelica

1237 2161 1607 2257 promissa
1663 2160 2010 2235 fidelibus
2065 2165 2580 2251 reservantur,
2639 2161 2918 2257 quippe
2974 2158 3351 2232 mundum
3409 2161 3490 2233 et
3556 2159 3866 2254 angelos
3921 2159 4116 2231 iudi-

1238 2287 1548 2377 caturis,
1607 2289 1687 2361 et
1741 2285 1821 2360 in
1876 2287 2091 2381 regni
2130 2286 2475 2361 coelestis
2515 2288 2986 2362 consortium
3041 2285 3472 2360 destinatis.
3517 2284 3862 2380 Denique
3900 2285 4118 2379 ipsud

1237 2412 1429 2485 illud
1484 2410 2030 2486 benedictionis
2086 2410 2476 2485 exordium
2515 2434 2668 2484 non
2723 2433 2841 2486 res
2897 2412 3335 2506 praesentes
3393 2409 3524 2483 sed
3580 2407 3882 2482 futuras
3941 2431 4107 2503 per·

1240 2537 1630 2632 sectasque
1686 2536 2238 2631 complectitur.
2297 2536 2434 2610 Ait
2488 2537 2724 2610 enim:
2795 2539 2825 2570 “
2874 2534 3062 2609 Ecce
3105 2535 3292 2608 odor
3328 2533 3468 2607 filii
3512 2535 3661 2608 mei
3717 2537 4117 2629 tamquam

1239 2662 1426 2736 odor
1462 2661 1627 2757 agri
1666 2661 1893 2756 pleni,
1936 2682 2164 2756 quem
2202 2660 2594 2734 benedixit
2631 2660 2835 2734 Deus
2874 2716 2939 2747 „.
2982 2660 3182 2733 Odor
3221 2660 3536 2754 spiritus
3578 2663 3659 2733 et
3696 2661 4116 2755 praescien-

1239 2787 1353 2860 tia
1377 2777 1444 2875 3;
1503 2808 1683 2881 ager
1730 2778 1744 2881 Ι
1792 2784 2057 2880 plenus
2095 2785 2456 2880 perfectio
2496 2784 2888 2859 fructuum
2928 2787 3084 2858 est:
3118 2787 3201 2858 et
3239 2806 3442 2880 ager,
3484 2783 3681 2857 sicut
3721 2784 4118 2879 evangelia

1242 2911 1556 3000 docent,
1623 2932 1758 3004 pro
1824 2910 2124 2984 saeculo
2192 2912 2720 3005 nuncupatur:
2798 2907 3283 2983 benedictum
3347 2911 3608 2982 autem
3682 2910 4113 3000 saeculum,

1241 3057 1395 3109 non
1448 3034 1718 3130 utique
1773 3033 1976 3129 quod
2032 3032 2492 3107 dissolvetur
2549 3035 2631 3106 et
2684 3056 2837 3108 non
2906 3033 3078 3122 erit,
3138 3031 3270 3107 sed
3324 3031 3527 3127 quod
3584 3034 3983 3107 aeternum
4040 3035 4120 3106 et

1240 3159 1592 3255 perfectis
1649 3158 2024 3232 fructibus
2080 3158 2391 3253 plenum
2447 3161 2587 3247 est,
2628 3156 3035 3252 significari
3078 3156 3677 3232 existimandum
3714 3160 3855 3230 est.
3916 3157 4116 3253 Ergo

1242 3307 1412 3360 cum
1470 3283 1673 3360 idem
1710 3285 1813 3359 sit
1852 3284 2037 3360 odor
2073 3282 2324 3374 Iacob,
2367 3284 2497 3379 qui
2537 3286 2700 3379 agri
2739 3283 2942 3379 pleni
2983 3285 3140 3372 est;
3185 3283 3373 3357 odor
3403 3286 3665 3358 autem
3705 3282 4118 3358 secundum

1240 3415 1598 3486 naturam
1657 3433 1915 3485 rerum
1969 3410 2470 3505 praescientia
2524 3410 2626 3484 sit
2680 3411 3016 3505 spiritua
3050 3431 3222 3484 cum
3281 3410 3464 3505 quid
3521 3434 3980 3507 unaquaque
4036 3434 4119 3486 re

1239 3537 1342 3610 sit
1372 3558 1465 3611 ex
1504 3535 1950 3610 odoratione
1988 3536 2363 3608 sentitur:
2407 3534 2603 3608 hanc
2641 3534 2942 3610 odorari
2981 3557 3086 3625 se,
3126 3535 3203 3608 id
3244 3538 3361 3609 est
3398 3537 3771 3630 praescire
3809 3537 4113 3631 spiritu,

1238 3660 1845 3735 benedictionem
1899 3660 2161 3755 populi
2199 3659 2543 3750 iunioris,
2585 3653 2853 3734 Isahac
2892 3659 3314 3755 significat;
3367 3682 3563 3756 quae
3601 3661 3898 3735 aeterni
3954 3684 4118 3735 sae·

1239 3786 1392 3860 culi
1430 3785 1696 3859 futura
1732 3793 1828 3859 est
1853 3776 1903 3876 ⁴,
1945 3787 2274 3879 utroque
2311 3785 2468 3873 illo,
2510 3784 2589 3857 id
2628 3787 2746 3858 est
2784 3787 2866 3859 et
2903 3784 3204 3859 saeculo
3244 3788 3324 3858 et
3361 3784 3491 3880 qui
3531 3805 3622 3858 eo
3660 3785 3764 3859 sit
3818 3808 4116 3876 usuruS,

1241 3912 1579 3984 aeterno.
1612 3910 1868 4005 Atque
1899 3911 1991 3982 ut
2018 3908 2541 3983 abundantem
2576 3908 2718 3983 Dei
2758 3908 3354 3984 misericordiam
3395 3910 3473 3981 in
3513 3909 4120 4006 praeformandis

1239 4035 1379 4108 sub
1434 4034 1960 4130 praesentibus
2015 4033 2455 4107 futurorum
2516 4033 2908 4107 effectibus
2966 4055 3469 4124 cerneremus,
3526 4034 3783 4107 omnia
3840 4036 3953 4109 ita
4008 4035 4120 4108 di-

1239 4159 1565 4254 ligenter
1618 4158 1827 4233 edita
1882 4160 2116 4254 atque
2173 4157 2457 4252 scripta
2513 4160 2719 4250 sunt,
2778 4163 2869 4232 ut
2924 4159 3002 4232 in
3059 4181 3220 4233 rem
3275 4161 3573 4254 gestam
3639 4161 3718 4233 et
3776 4161 3855 4232 in
3910 4181 4119 4254 spem

1241 4283 1589 4358 futuram
1627 4306 1825 4356 unus
1865 4285 2098 4378 atque
2134 4283 2340 4355 idem
2379 4283 2749 4357 historiae
2789 4283 2973 4357 ordo
3006 4287 3516 4359 concurreret.
3560 4284 4121 4358 Benedicturus

1241 4409 1444 4484 enim
1498 4408 1767 4483 Isahac
1822 4407 2046 4483 Iacob
2084 4430 2219 4502 pro
2258 4408 2456 4481 Esau
2516 4408 2888 4483 sollicitus
2928 4413 3067 4500 est,
3125 4432 3222 4484 ne
3274 4431 3581 4504 quoquo
3638 4430 3915 4505 genere
3972 4408 4115 4482 fal-

1238 4534 1487 4607 latur:
1545 4533 1747 4608 Esau
1804 4534 2007 4607 enim
2062 4555 2141 4607 se
2198 4532 2423 4606 Iacob
2480 4555 2641 4609 esse
2680 4534 3021 4608 dicebat:
3080 4556 3344 4609 caecus
3383 4556 3563 4629 ergo
3610 4533 3880 4607 Isahac
3938 4556 4116 4608 cum

1240 4661 1479 4750 esset,
1537 4651 1941 4732 dicebat⁵t
2019 4660 2051 4692 “
2121 4656 2411 4732 Accede
2468 4658 2565 4732 ad
2620 4680 2769 4749 me,
2826 4662 2908 4733 et
2982 4658 3435 4754 pertentabo
3515 4662 3634 4749 te,
3705 4658 3852 4748 fili,
3912 4660 3975 4732 si
4029 4661 4121 4731 tu

1241 4805 1321 4857 es
1375 4782 1578 4857 filius
1632 4804 1846 4856 meus
1902 4782 2128 4873 Esau,
2188 4786 2330 4856 aut
2381 4805 2537 4857 non
2584 4840 2648 4871 „.
2691 4784 2790 4856 Et
2845 4807 3313 4879 quamquam
3351 4784 3480 4858 ilie
3520 4786 3742 4874 esset,
3783 4787 3864 4858 et
3921 4784 4120 4858 Esau

1241 4911 1441 4984 esset
1495 4908 1696 4981 stola
1734 4907 2071 4999 indutus,
2113 4911 2193 4982 et
2231 4907 2393 4982 eius
2430 4909 2750 5003 speciem
2793 4909 3106 5005 pellium
3146 4909 3679 5005 adsumptione
3718 4911 4116 5000 mentituS,

1241 5036 1501 5108 tamen
1556 5055 1711 5107 non
1747 5032 1909 5106 sine
1950 5033 2374 5128 suspicione
2412 5036 2939 5108 contractatus
2994 5057 3041 5107 a
3080 5056 3298 5109 caeco
3340 5037 3480 5109 est.
3523 5032 3660 5108 Ait
3708 5034 3912 5108 enim
3951 5057 4120 5109 cum

1406 5355 1422 5389 ¹
1454 5343 1771 5409 habundet
1810 5381 1890 5393 -
1932 5354 1954 5390 ¹
1986 5346 2047 5408 S.
2088 5347 2218 5408 Hil.
2247 5347 2463 5407 Enarr.
2493 5346 2557 5407 in
2584 5345 2899 5408 Psalmum
2930 5345 3164 5408 CXXI:
3199 5369 3231 5403 α
3256 5345 3436 5419 Quod
3463 5345 3733 5425 idipsum
3772 5345 4119 5408 benedictio

1243 5442 1309 5505 in
1334 5444 1522 5507 Iacob
1558 5444 1636 5506 ad
1666 5464 1840 5525 spem
1866 5444 2139 5506 fidelium
2159 5445 2573 5525 praeformata
2602 5446 2652 5506 si
2659 5445 2911 5524 gnificat
2934 5469 2988 5507 ι».
3012 5446 3095 5504 Et
3114 5444 3180 5504 in
3200 5444 3493 5505 Tractatu
3513 5445 3579 5504 in
3600 5444 3829 5505 Psalm.
3856 5443 4118 5523 CXVII,

1242 5542 1367 5603 litt.
1400 5544 1493 5624 18,
1523 5548 1704 5621 atque
1734 5542 1799 5605 in
1826 5542 1966 5605 aliis
1994 5543 2148 5606 locis
2176 5579 2256 5590 --
2282 5553 2303 5583 ³
2336 5544 2691 5623 praesentia
2719 5579 2787 5591 —
2822 5552 2843 5585 ⁴
2876 5543 3144 5605 futuram
3177 5578 3242 5590 -
3278 5552 3301 5584 ⁵
3332 5543 3557 5605 Genea.
3591 5542 3871 5621 XXVII,
3914 5563 3976 5604 v.
4019 5543 4118 5603 21.
