4642 6650
1183 714 1312 780 114
2356 735 2553 780 rarat
2598 734 2875 781 Ducom

1179 954 1439 1026 coetus
1512 952 2058 1029 ecclesiasticus
2127 953 2275 1028 sibi
2324 955 2534 1050 juste
2589 978 2678 1032 ac
2730 956 3322 1032 misericorditer
3401 955 3710 1047 servire,
3768 977 3857 1030 ac
3911 977 4051 1051 pro

1176 1079 1475 1152 romani
1530 1079 1826 1176 imperii
1864 1084 2102 1173 statu,
2140 1081 2283 1156 Dei
2320 1083 2861 1178 omnipotentis
2899 1083 3387 1158 clementiam
3425 1105 3738 1157 exorare
3787 1084 4048 1178 queat.

1178 1202 1397 1279 Unde
1451 1228 1605 1280 non
1661 1208 2042 1283 immerito
2079 1210 2178 1283 ab
2218 1209 2568 1283 omnibus
2605 1210 2863 1305 probis
2901 1232 2991 1283 ac
3027 1210 3499 1306 sapientibus
3554 1210 3911 1305 diligeriS‚
3963 1232 4055 1284 ac

1177 1336 1590 1408 veneraris.
1646 1333 1845 1408 Nam
1901 1336 2068 1431 quis
2124 1336 2331 1411 tanti
2366 1336 2514 1411 viri
2553 1335 3162 1411 familiaritatem
3217 1336 3582 1432 spernat&
3640 1335 4051 1411 affabilita-

1175 1459 1336 1530 tem
1392 1460 1937 1555 contempnat&
1995 1460 2451 1533 industriam
2525 1460 2834 1553 fugiat?
2889 1460 3114 1551 Nam,
3171 1464 3262 1534 ut
3317 1459 3674 1534 omittam
3748 1463 4054 1534 caetera

1175 1586 1511 1659 maxima
1566 1588 1646 1659 et
1708 1586 2012 1681 egregia
2084 1587 2321 1660 vestri
2394 1587 2679 1682 ingenii
2754 1590 3256 1661 monumenta
3328 1586 3679 1681 insignia,
3736 1589 4053 1661 cunctos

991 1739 996 1742 ¹
1069 1767 1078 1772 .
1177 1712 1655 1808 precellentis
1709 1712 2007 1786 romani
2063 1713 2360 1811 imperii
2408 1713 2791 1808 sapientes
2827 1712 3158 1787 tulliana
3214 1712 3654 1808 eloquentia
3705 1733 4043 1807 superaS,

1179 1841 1879 1913 et'antecessorum
1935 1841 2369 1912 vestrorum
2426 1839 2722 1935 largam
2776 1837 3378 1913 munificentiam
3438 1836 3788 1911 omnibus
3842 1838 4048 1912 horis

1151 1965 1735 2060 ‘momentisque
1775 1964 2189 2059 praecellis,
2230 1964 2498 2038 Tantis
2536 1965 2878 2060 inquam,
2918 1966 2996 2039 et
3033 1962 3319 2037 talibus
3359 1984 3492 2036 vos
3548 1983 3859 2038 cernens
3896 1984 4050 2038 ser-

1175 2088 1280 2162 tis
1332 2089 1774 2163 redimitum
1830 2090 1911 2162 et
1964 2088 2244 2163 laureis
2312 2088 2780 2178 decoratum,
2831 2087 3322 2162 Itinerarium
3380 2086 3473 2161 de
3527 2087 3714 2162 locis
3768 2088 4052 2161 sanctis

1177 2235 1224 2285 a
1277 2212 1495 2286 nobis
1549 2215 1966 2308 utcumque
2021 2216 2446 2302 exaratum,
2505 2215 2587 2286 et
2641 2233 2734 2286 ex
2778 2211 3152 2301 omnibuS,
3198 2213 3284 2284 ut
3339 2211 3453 2284 ita
3509 2210 3778 2301 dicam,
3834 2208 4051 2284 libris

1178 2338 1582 2413 collectum
1621 2330 1670 2429 ¹,
1731 2339 2031 2413 vestrae
2068 2337 2537 2413 Paternitati
2577 2338 2960 2413 destinare
2998 2337 3283 2428 curavi,
3324 2359 3637 2433 poscens
3687 2337 3767 2410 id
3819 2359 3867 2410 a
3920 2359 4050 2412 ve-

1176 2467 1339 2537 stra
1393 2463 1810 2538 eminentia
1863 2463 2231 2551 roborari,
2290 2464 2372 2536 in
2428 2485 2580 2559 quo
2626 2485 2812 2558 rogo
2858 2485 3012 2537 non
3070 2463 3429 2538 dictantis
3484 2462 3873 2558 ignaviam
3921 2462 4053 2537 sed

1177 2589 1585 2662 materiam
1638 2588 2078 2662 adtendatis
2116 2587 2552 2662 utillimam.
2591 2588 2747 2663 Nec
2783 2590 2966 2663 novi
3006 2610 3139 2662 vos
3179 2592 3260 2663 et
3296 2588 3686 2684 incognita
3735 2591 4049 2663 actenus

1177 2714 1468 2809 aliquid
1522 2715 1603 2788 in
1657 2714 1798 2788 hoc
1851 2713 2260 2788 Itinerario
2316 2713 2791 2803 ediscituros,
2830 2713 2960 2788 sed
2997 2735 3113 2804 ea,
3166 2735 3361 2808 quae
3407 2714 3575 2809 jam
3630 2715 3811 2788 viva
3865 2734 4048 2788 voce

1178 2840 1330 2913 illis
1358 2838 1887 2928 referentibus,
1918 2839 2051 2935 qui
2081 2839 2178 2913 ad
2208 2838 2691 2934 sepulchrum
2718 2837 3025 2912 Domini
3055 2828 3576 2934 perrexerunt,
3610 2838 4049 2930 edidicistis,

1178 2965 1303 3040 vel
1358 2986 1471 3056 ea,
1503 2986 1698 3060 quae
1753 2986 1888 3059 per
1943 2964 2335 3039 volumina
2392 2964 2691 3039 diversa
2744 2964 3119 3039 librorum
3172 2964 3488 3060 legistis,
3545 2986 3684 3038 nos
3735 2964 3859 3039 hic
3912 2986 4049 3038 no-

1177 3090 1448 3167 veritis
1502 3089 1915 3185 collegisse.
1976 3089 2182 3174 Quae
2237 3093 2503 3165 autem
2557 3089 3122 3164 indeclinabilia
3177 3093 3261 3165 et
3315 3092 3681 3165 immania
3736 3090 4049 3186 impedi-

1170 3217 1443 3290 -menta
1497 3238 1543 3288 a
1597 3212 1900 3310 perfidis
1954 3217 2037 3288 et
2101 3213 2439 3288 scelestis
2508 3217 2840 3309 utroque
2894 3236 3097 3309 genu
3172 3214 3778 3289 claudicantibus
3831 3216 4048 3290 nobis

1182 3341 1646 3428 obstiterint,
1697 3362 1852 3414 non
1898 3340 2066 3435 jam
2128 3340 2377 3416 Deum
2432 3363 2724 3431 verum,
2781 3364 2919 3416 vos
2973 3342 3175 3439 ipsos
3243 3341 3602 3433 conscios,
3659 3363 3797 3417 vos
3850 3332 4052 3438 ipsos

1180 3467 1439 3543 fideles
1495 3467 1670 3540 inde
1724 3466 2215 3542 clamaverim
2252 3470 2515 3542 testes.
2557 3467 2914 3542 Ceterum
2952 3468 3051 3542 ad
3086 3468 3484 3542 tantillum
3541 3468 3794 3564 spatii,
3850 3466 4053 3564 quod

1181 3615 1224 3668 e
1262 3594 1626 3688 largitate
1665 3592 1968 3666 divinae
2006 3593 2529 3688 indulgentiae
2576 3593 2932 3669 relictum
2973 3595 3111 3682 est,
3153 3593 3362 3667 istud
3401 3594 3849 3689 opusculum
3887 3615 4052 3668 cae-

1183 3719 1361 3794 lesti
1416 3716 1937 3792 munificentia
1995 3718 2235 3806 edidi;
2276 3717 2657 3793 confidens
2694 3718 3229 3793 nichilominus
3269 3718 3362 3793 de
3398 3718 3584 3809 Dec,
3623 3719 3717 3793 de
3771 3718 4051 3793 nostris

1183 3843 1502 3918 aemulis
1559 3842 2013 3938 quandoque
2067 3843 2286 3917 nobis
2334 3845 2738 3918 victoriam
2784 3843 3269 3918 collaturum.
3330 3842 3542 3918 Sicut
3595 3845 3804 3917 enim
3857 3867 4051 3917 nun·

1183 3993 1413 4066 quam
1467 3968 1559 4042 fit
1613 3991 1803 4065 opus
1859 3969 2209 4061 solidum,
2259 3969 2325 4044 si
2362 3969 2639 4044 artifex
2679 3970 2959 4059 omnia,
3016 3973 3251 4065 prout
3301 3970 3504 4044 ratio
3577 3971 3843 4066 poscit,
3899 3991 4053 4043 non

1181 4097 1420 4191 aptet,
1476 4095 1585 4168 sic
1638 4094 1884 4167 omnis
1939 4094 2283 4189 scriptor,
2316 4116 2635 4167 manans
2690 4093 3148 4168 multimoda
3201 4094 3691 4183 verbositate,
3757 4094 4053 4167 nullam

1181 4220 1497 4294 habebit
1576 4220 2000 4294 valentiam
2080 4219 2354 4294 edendi
2427 4220 2883 4316 scripturam
2957 4219 3354 4294 dulcedine
3433 4219 3738 4310 sertam,
3822 4223 4054 4315 prout

1183 4343 1490 4418 Oratius
1547 4344 2119 4419 strenuissimus
2175 4346 2440 4417 orator
2495 4346 2577 4417 in
2630 4343 2931 4473 scriptis
2986 4344 3144 4418 suis
3198 4343 3548 4439 reliquid,
3607 4343 3899 4418 dicens:

1718 4542 1933 4617 Omne
1985 4543 2138 4619 tulit
2182 4550 2544 4636 punctum,
2602 4545 2721 4637 qui
2773 4545 3043 4618 miscuit
3096 4544 3262 4618 utile
3315 4543 3542 4618 dulci:

1345 4816 1362 4851 ¹
1409 4803 1791 4881 Quamquam
1830 4804 1969 4883 ipse
2029 4803 2095 4864 in
2134 4823 2244 4865 sno
2289 4803 2591 4864 Chronico
2655 4804 2721 4884 (1.
2763 4804 2877 4867 IV.
2920 4823 2971 4865 c.
3015 4804 3118 4883 67)
3164 4801 3399 4879 eadem,
3460 4821 3619 4880 quae
3671 4802 3776 4864 hic
3815 4801 4054 4882 scribit,

1131 4978 1136 4983 Ι
1179 4903 1503 4965 adfirmat:
1549 4926 1581 4961 ‹
1623 4904 1721 4965 De
1762 4910 1929 4964 terra
1967 4902 2490 4982 repromissionis,
2530 4901 2932 4963 Itinerarium
2960 4922 3037 4963 ex
3059 4901 3340 4962 omnibus
3369 4901 3685 4962 veteribus
3708 4900 3889 4962 libris
3912 4902 4057 4964 col—

1177 5003 1355 5081 legit,
1401 5009 1465 5063 et
1505 5001 1816 5063 Guibaldo
1860 5000 2218 5064 cassinensi
2260 5002 2470 5063 abbati
2500 5001 2735 5063 dicavit
2757 5023 2773 5079 3
2796 5024 2828 5061 ›
2859 5008 3088 5077 tamen,
3112 5006 3186 5061 ut
3205 4999 3447 5079 patebit
3490 4999 3671 5080 infra,
3710 5020 4055 5080 perpaucos

1178 5103 1372 5167 libros
1413 5100 1805 5179 conquisivit.
1848 5099 2121 5173 Quorum
2161 5100 2413 5178 quidem
2451 5101 2714 5179 primam
2754 5107 2818 5161 et
2857 5099 3150 5161 maiorem
3202 5105 3444 5178 partem
3495 5099 3823 5177 occupavit
3880 5099 4058 5162 Beda

1178 5200 1244 5261 in
1284 5200 1440 5260 libro
1486 5222 1518 5257 ‹
1560 5200 1660 5262 De
1701 5198 1855 5259 locis
1898 5200 2132 5260 sanctis
2175 5223 2208 5257 ›
2253 5220 2441 5277 quem
2479 5207 2681 5261 totum
2721 5199 2951 5260 Petrus
2993 5197 3307 5277 excripsit.
3353 5198 3599 5260 Deinde
3640 5199 3835 5260 multa
3879 5219 3914 5260 e
3943 5200 4057 5261 Pe-

1178 5296 1596 5376 regrinatione
1639 5295 1702 5356 S.
1744 5296 1977 5357 Silviae
2020 5297 2346 5375 excerpsit,
2393 5304 2456 5358 et
2499 5295 2791 5374 quicquid
2819 5295 2992 5374 operi
3019 5294 3295 5372 locisque
3323 5294 3657 5376 descriptis
3681 5296 4055 5358 conveniens

1180 5396 1525 5474 videbatur,
1580 5395 1780 5457 textui
1834 5395 2074 5457 bedano
2130 5396 2415 5458 inseruit.
2460 5395 2685 5458 Cetera
2724 5403 2932 5458 autem
2974 5414 3049 5456 ex
3090 5394 3404 5475 opusculis
3433 5393 3679 5456 infimae
3706 5395 3935 5456 aetatis
3956 5395 4056 5458 de·

1182 5494 1488 5574 prompsit
1511 5514 1582 5555 ac
1605 5514 1639 5556 e
1661 5494 1808 5555 viva
1826 5513 1976 5555 voce
1998 5494 2481 5574 peregrinorum,
2504 5493 2611 5573 qui
2631 5493 3088 5573 Hierosolymis
3110 5492 3445 5554 redeuntes
3467 5493 3761 5555 Casinum
3783 5493 4053 5555 obibant.

1173 5593 1361 5669 ‚Quae
1402 5593 1621 5673 omnia,
1664 5594 2030 5672 praesertim
2070 5593 2151 5657 ad
2191 5593 2763 5673 Peregrinationem
2806 5591 3170 5672 spectantia,
3201 5591 3644 5668 distinguenda
3685 5592 4054 5655 curavimus·
