4642 6650
1036 2708 1110 2762 65

1161 737 1249 806 92
2144 763 2199 807 s.
2244 763 2508 807 savus:
2552 764 3045 811 Pannonnuno

1162 999 1335 1050 cum
1388 979 1710 1051 ventum
1764 976 2023 1068 fuerit,
2081 979 2503 1074 quamlibet
2557 1002 2727 1056 sero
2782 982 2886 1055 sit
2936 985 3217 1073 totum,
3291 983 3383 1057 fit
3443 984 3869 1058 lucernare:
3925 983 4018 1055 fit

1164 1100 1411 1175 denuo
1469 1101 1716 1174 oratio
1774 1100 1873 1175 ad
1928 1100 2279 1191 Crucem3
2339 1107 2420 1178 et
2474 1104 2895 1178 dimittitur
2948 1107 3295 1201 populuS.

1320 1224 1518 1299 Item
1574 1225 1728 1299 alia
1783 1225 1903 1300 die
1957 1226 2287 1300 secunda
2333 1228 2526 1301 feria
2580 1232 2938 1324 aguntur,
2988 1253 3183 1325 quae
3220 1230 3787 1306 consuetudinis
3842 1236 4026 1305 sunt

1163 1347 1255 1421 de
1309 1349 1519 1444 pullo
1576 1348 1821 1444 primo
1876 1349 2001 1445 agi
2057 1372 2297 1445 usque
2353 1350 2449 1423 ad
2506 1375 2729 1428 mane
2784 1353 2883 1426 ad
2936 1354 3352 1429 Anastase:
3412 1354 3762 1429 similiter
3810 1357 3892 1430 et
3927 1355 4027 1428 ad

1158 1475 1394 1548 tertia
1448 1477 1530 1548 et
1584 1474 1681 1546 ad
1734 1477 1949 1547 sexta
2003 1477 2342 1569 aguntur
2394 1498 2507 1566 ea,
2548 1499 2745 1572 quae
2779 1479 2967 1553 totis
3005 1479 3623 1574 quadragesimis.
3654 1481 3783 1578 *Ad
3819 1502 4026 1557 nona

1161 1600 1423 1671 autem
1480 1619 1740 1672 omnes
1794 1598 1874 1670 in
1929 1599 2240 1673 ecclesia
2296 1600 2605 1691 maiore,
2663 1603 2743 1675 id
2795 1607 2913 1676 est
2965 1603 3063 1676 ad
3118 1603 3601 1699 Martyrium,
3662 1605 4023 1701 colligent

1162 1743 1279 1795 se:
1337 1724 1419 1796 et
1471 1722 1576 1794 ibi
1637 1744 1871 1817 usque
1913 1722 2021 1795 'ad
2074 1724 2345 1797 horam
2399 1725 2726 1820 primam
2780 1729 3022 1801 noctis
3077 1749 3372 1822 semper
3425 1728 3690 1825 hymni
3745 1734 3825 1803 et
3879 1753 4020 1804 an-

1163 1845 1527 1940 tiphonae
1582 1845 1964 1936 dicuntur,
2021 1847 2383 1923 lectiones
2438 1851 2677 1922 etiam
2732 1854 2959 1945 aptae
3021 1850 3167 1926 diei
3243 1853 3324 1924 et
3395 1852 3559 1926 loco
3631 1852 4020 1946 leguntur,

1161 1969 1656 2066 interpositae
1712 1991 2009 2066 semper
2065 1972 2451 2047 orationes
2505 1974 3015 2048 lucernarum.
3074 1974 3330 2048 Etiam
3386 1976 3667 2070 agitur,
3708 1976 4022 2050 ibicum

1162 2094 1447 2190 ceperit
1498 2096 1687 2168 hora
1742 2115 1945 2182 esse;
2005 2096 2111 2171 sic
2165 2101 2283 2171 est
2319 2119 2523 2192 ergo,
2565 2102 2658 2171 ut
2694 2104 2919 2174 nocte
2973 2100 3209 2174 etiam
3246 2100 3385 2174 fiat
3422 2101 3653 2175 missa
3688 2100 3787 2173 ad
3823 2101 4023 2174 Mar-

1161 2222 1478 2317 tyrium.
1535 2220 1684 2294 Ubi
1739 2243 1912 2296 cum
1967 2221 2260 2296 factum
2312 2222 2551 2296 fuerit
2606 2223 2857 2312 missa,
2916 2224 3093 2297 inde
3147 2246 3319 2298 cum
3374 2224 3625 2320 ymnis
3681 2222 3779 2297 ad
3818 2223 4023 2297 Ana·

1159 2349 1363 2420 stase
1400 2345 1705 2419 ducitur
1742 2345 2154 2441 episcopus.
2194 2344 2286 2417 In
2324 2367 2475 2439 quo
2510 2350 2773 2418 autem
2809 2346 3188 2442 ingressus
3226 2347 3462 2422 fuerit
3495 2348 3576 2420 in
3616 2350 4019 2437 Anastase,

1162 2469 1440 2544 dicitur
1492 2492 1690 2542 unus
1744 2492 2061 2566 ymnus:
2120 2469 2210 2543 fit
2264 2470 2553 2543 oratio:
2612 2469 3164 2544 benedicuntur
3224 2472 3756 2563 cathecumini,
3837 2472 4023 2545 item

1163 2592 1442 2683 fideles,
1500 2595 1582 2667 et
1634 2592 1725 2666 fit
1776 2594 2030 2667 missa.

1321 2716 1517 2791 Item
1556 2717 1792 2790 tertia
1829 2716 2019 2790 feria
2056 2717 2407 2791 similiter
2444 2717 2700 2791 omnia
2721 2710 2729 2818 Ι
2754 2717 2953 2792 fiunt
2989 2719 3189 2793 sicut
3223 2718 3549 2793 secunda
3580 2719 3793 2793 feria.
3822 2716 4026 2791 Illud

1161 2840 1408 2915 solum
1465 2839 1776 2913 additur
1827 2840 2064 2912 tertia
2117 2839 2333 2930 feria,
2392 2840 2593 2934 quod
2648 2843 2870 2916 nocte
2926 2864 3119 2931 sera,
3176 2844 3443 2936 postea
3511 2865 3741 2936 quam
3796 2840 4027 2914 missa

1161 2966 1368 3039 facta
1422 2964 1661 3038 fuerit
1711 2963 1810 3037 ad
1863 2964 2346 3062 Martyrium,
2404 2968 2485 3039 et
2537 2967 2735 3038 itum
2795 2965 3031 3040 fuerit
3083 2966 3181 3039 ad
3216 2966 3618 3056 Anastase,
3658 2969 3738 3040 et
3773 2964 4022 3039 denuo

1160 3089 1243 3162 in
1296 3089 1673 3162 Anastase
1727 3087 1956 3160 missa
2010 3088 2216 3162 facta
2269 3088 2527 3178 fuerit,
2586 3110 2844 3163 omnes
2897 3089 3034 3162 illa
3088 3090 3278 3174 hora
3330 3096 3563 3163 noctu
3620 3089 3905 3164 vadent
3940 3088 4023 3160 in

1068 3278 1086 3285 -
1161 3213 1498 3301 ecclesia,
1554 3233 1752 3308 quae
1806 3215 1924 3285 est
1975 3212 2056 3284 in
2111 3214 2375 3286 monte
2429 3211 2737 3286 Eleona.
2794 3213 2886 3284 In
2940 3236 3093 3309 qua
3140 3213 3452 3289 ecclesia
3490 3236 3663 3287 cum
3700 3217 4022 3287 ventum

1163 3339 1420 3426 fuerit,
1476 3337 1721 3411 intrat
1773 3337 2162 3431 episcopus
2215 3337 2425 3410 intra
2479 3337 2836 3432 spelunca
2892 3338 3002 3428 (in
3074 3361 3226 3432 qua
3298 3338 3652 3432 spelunca
3723 3337 4020 3410 solebat

1161 3462 1531 3536 Dominus
1585 3460 1853 3533 docere
1908 3459 2368 3554 discipulos),
2428 3464 2510 3535 et
2563 3462 2836 3555 accipit
2871 3461 3201 3535 codicem
3241 3461 3659 3555 evangelii:
3700 3463 3782 3535 et
3815 3464 4029 3534 stans

1160 3588 1320 3682 ipse
1374 3586 1766 3679 episcopus
1819 3584 2024 3679 leget
2077 3585 2312 3659 verba
2366 3584 2698 3673 Domini,
2745 3607 2941 3679 quae
2975 3586 3257 3679 scripta
3295 3584 3592 3658 suntin
3630 3583 4026 3678 evangelio

1161 3710 1241 3782 in
1278 3712 1453 3783 cata
1487 3708 1820 3797 Matheo,
1860 3707 1939 3779 id
1975 3709 2093 3780 est
2128 3708 2261 3780 ubi
2298 3706 2619 3782 dicitur:
2671 3711 2702 3743 ‘⁴
2742 3708 3038 3798 Videte,
3079 3729 3175 3782 ne
3216 3708 3385 3802 quis
3428 3730 3559 3782 vos
3604 3698 4012 3792 seducat.¹„

1158 3833 1261 3905 Et
1315 3853 1619 3905 omnem
1672 3830 1914 3925 ipsam
1969 3831 2507 3905 allocutionem
2564 3833 2900 3926 perleget
2954 3833 3365 3927 episcopus,
3406 3831 3515 3905 At
3568 3833 3828 3904 autem
3886 3831 4018 3903 ubi

1158 3956 1294 4029 illa
1348 3955 1777 4050 perlegerit,
1834 3954 1926 4028 fit
1978 3955 2248 4044 oratio,
2306 3954 2864 4030 benedicuntur
2917 3955 3445 4044 cathecumini,
3496 3955 3684 4028 item
3724 3957 3805 4028 et
3841 3953 4023 4028 fide·

1159 4081 1301 4155 les:
1359 4079 1451 4153 fit
1502 4078 1774 4152 missa:
1833 4081 1916 4153 et
1969 4081 2469 4153 revertuntur
2522 4101 2570 4151 a
2622 4082 2886 4153 monte
2950 4078 3471 4174 unusquisque
3519 4079 3640 4152 'ad
3717 4078 4028 4151 domum

1159 4227 1377 4279 suam
1433 4204 1621 4278 satis
1674 4224 1845 4278 sera
1897 4202 2046 4275 iam
2107 4206 2358 4278 nocte.

1317 4329 1518 4403 Item
1573 4330 1852 4424 quarta
1906 4327 2096 4402 feria
2150 4331 2489 4422 aguntur
2543 4329 2800 4402 omnia
2855 4351 2989 4423 per
3041 4330 3213 4401 tota
3268 4327 3388 4402 die
3426 4348 3473 4401 a
3510 4328 3719 4423 pullo
3776 4327 4021 4423 primo

1159 4453 1359 4526 sicut
1412 4453 1746 4527 secunda
1798 4453 1991 4528 feria
2045 4457 2126 4527 et
2177 4453 2415 4527 tertia
2467 4453 2702 4527 feria:
2761 4453 2892 4528 sed
2946 4456 3449 4549 posteaquam
3523 4454 3752 4527 missa
3823 4453 4030 4526 facta

1161 4576 1399 4649 fuerit
1451 4578 1676 4651 nocte
1731 4575 1831 4650 ad
1885 4575 2369 4670 Martyrium,
2410 4579 2490 4650 et
2545 4575 2913 4650 deductus
2951 4576 3186 4651 fuerit
3222 4577 3611 4670 episcopus
3648 4598 3823 4649 cum
3861 4599 4026 4670 ym-

1160 4698 1279 4772 nis
1336 4700 1435 4772 ad
1489 4699 1890 4789 Anastase,
1949 4700 2212 4772 statim
2271 4700 2515 4773 intrat
2569 4699 2959 4794 episcopus
2997 4700 3077 4773 in
3115 4701 3495 4795 spelunca,
3538 4720 3736 4795 quae
3791 4703 3909 4772 est
3947 4699 4026 4771 in

1160 4821 1561 4915 Anastase,
1620 4827 1700 4898 et
1753 4826 1914 4896 stat
1968 4825 2173 4895 intra
2228 4822 2639 4897 cancellos:
2699 4823 3070 4916 presbiter
3123 4827 3383 4897 autem
3439 4825 3620 4896 ante
3657 4822 4027 4896 cancellos

1160 4949 1344 5037 stat,
1401 4950 1482 5022 et
1537 4947 1812 5041 accipit
1864 4947 2370 5042 evangelium,
2428 4949 2511 5020 et
2563 4946 2753 5042 legit
2804 4947 3023 5020 illum
3077 4947 3351 5037 locum,
3412 4946 3546 5020 ubi
3581 4945 3808 5019 Iudas
3847 4945 4022 5021 Sca-

1328 5257 1346 5293 ¹
1378 5257 1603 5321 Matth.
1647 5276 1778 5338 cap.
1820 5257 2030 5337 XXV,
2072 5278 2132 5320 v.
2174 5259 2231 5336 3,
2273 5260 2345 5318 4:
2393 5259 2707 5321 ‹Sedente
2747 5265 2955 5329 antem
2996 5279 3070 5321 eo
3110 5278 3302 5338 snper
3325 5265 3597 5321 montem
3641 5257 3895 5335 Oliveti,
3938 5275 4031 5319 ac·

1163 5362 1487 5416 cesserunt
1527 5355 1607 5417 ad
1651 5375 1789 5416 eum
1829 5355 2118 5435 discipuli
2180 5364 2421 5418 secreto
2463 5357 2773 5419 dicentes:
2824 5358 2947 5419 Dic
2985 5357 3164 5419 nobis
3215 5357 3459 5434 quando
3499 5356 3651 5418 haec
3701 5357 3925 5418 erunt?
3965 5363 4033 5417 et

1161 5452 1329 5530 quod
1389 5452 1638 5531 signum
1697 5451 2003 5517 adventus
2063 5453 2177 5531 tui,
2235 5461 2300 5515 et
2361 5456 2944 5516 consummationem
2985 5454 3260 5516 saeculi?
3298 5454 3382 5515 Et
3421 5454 3804 5532 respondens
3846 5454 4030 5515 Iesus

1168 5547 1328 5614 dixit
1369 5549 1494 5613 eis:
1536 5549 1767 5615 Videte
1806 5569 1885 5612 ne
1926 5569 2066 5627 quis
2108 5570 2221 5613 vos
2263 5550 2537 5614 seducat.
2563 5575 2595 5608 ι
