4642 6650
1514 793 1603 838 Ao
1651 791 1824 840 noca
1869 789 2125 840 smera
2171 789 2282 837 AR.
2328 793 2532 837 sss-sss
3373 767 3460 832 65

575 1031 700 1084 me
751 1010 1082 1085 libenter
1119 1010 1234 1085 ait
1269 1012 1488 1086 mihi:
1548 1011 1912 1108 quoniam
1948 1009 2170 1087 video
2206 1013 2313 1101 te,
2354 1008 2535 1100 filia,
2575 1008 2830 1105 gratia
2867 1005 3255 1103 religionis
3291 1008 3459 1079 tam

576 1158 941 1232 magnum
994 1137 1337 1211 laborem
1389 1138 1537 1211 tibi
1575 1136 2047 1233 imposuisse,
2088 1137 2181 1208 ut
2219 1135 2311 1209 de
2352 1134 2713 1209 extremis
2767 1155 2993 1229 porro
3047 1130 3275 1253 terris
3328 1152 3459 1206 ve·

576 1258 778 1339 nires
807 1259 906 1333 ad
934 1260 1121 1335 haec
1144 1260 1313 1336 loca
1340 1252 1397 1334 ¹:
1439 1262 1703 1357 itaque
1743 1282 1948 1356 erg0,
1983 1251 1994 1360 Ι
2027 1260 2092 1334 si
2128 1259 2458 1334 libenter
2494 1258 2751 1349 habes,
2793 1275 3265 1353 quecumque
3293 1253 3461 1329 loca

578 1386 762 1458 sunt
813 1384 938 1458 hic
974 1387 1200 1479 grata
1235 1383 1335 1457 ad
1373 1384 1785 1459 videndum
1824 1380 2280 1472 christianis,
2319 1381 2795 1458 ostendimus
2832 1380 3001 1455 tibi.
3043 1378 3257 1453 Tunc
3283 1398 3464 1473 ergo

578 1507 869 1603 gratias
923 1530 1156 1604 agens
1210 1509 1370 1584 Deo
1409 1509 1768 1605 primum,
1810 1512 1891 1583 et
1935 1509 2043 1582 sic
2078 1508 2329 1603 ipsum
2385 1507 2652 1602 rogavi
2708 1506 3147 1602 plurimum,
3206 1506 3298 1586 ut
3352 1500 3462 1574 di-

580 1636 956 1728 gnaretur
1011 1633 1284 1725 facere,
1344 1634 1549 1731 quod
1605 1634 1932 1708 dicebat.
1990 1633 2262 1727 Itaque
2317 1653 2498 1726 ergo
2556 1630 2777 1704 duxit
2812 1651 2933 1704 me
2979 1629 3312 1725 primum
3364 1626 3462 1700 ad

577 1757 952 1853 palatium
983 1758 1271 1854 Aggar-i
1297 1759 1529 1854 regis:
1560 1750 1589 1793 ²
1614 1760 1697 1834 et
1724 1759 1833 1833 ibi
1861 1758 2200 1834 ostendit
2227 1757 2456 1832 michi
2485 1755 3004 1851 archiotepam
3025 1746 3053 1790 ⁸
3081 1753 3317 1850 ipsius
3346 1753 3460 1825 in-

578 1904 760 1978 gens
815 1883 1306 1975 simillimam,
1363 1888 1455 1958 ut
1508 1884 1653 1981 ipsi
1698 1883 2076 1975 dicebant,
2117 1903 2627 1957 marmoream
2696 1880 2902 1955 tanti
2954 1878 3252 1967 nitoris,
3283 1900 3372 1953 ac
3398 1877 3464 1952 si

579 2007 674 2083 'de
726 2009 1148 2104 margarita
1203 2013 1443 2086 esset:
1483 2010 1566 2084 in
1602 2009 1818 2085 cuius
1856 2007 2141 2105 Aggari
2177 2007 2405 2085 vultu
2443 2006 2765 2103 parebat
2827 2005 2922 2080 de
2971 2006 3238 2080 contra
3284 2024 3464 2079 vere

580 2132 657 2206 fu
668 2131 812 2207 isse
866 2132 1070 2207 hunc
1124 2133 1379 2210 virum
1433 2134 1623 2209 satis
1678 2135 2102 2230 sapientem
2156 2135 2236 2207 et
2294 2132 2783 2206 honoratum.
2840 2128 3052 2205 Tunc
3107 2113 3222 2202 ait
3273 2127 3465 2201 mihi

3515 1267 3589 1323 49

581 2258 888 2332 sanctus
916 2257 1352 2353 episcopus:
1377 2279 1548 2334 ecce
1574 2279 1709 2333 rex
1738 2258 2113 2353 AggaruS,
2137 2256 2268 2352 qui
2286 2258 2700 2351 antequam
2728 2253 3026 2330 videret
3051 2251 3481 2327 Dominum·
3552 2313 3559 2324 .

580 2380 905 2456 credidit
942 2381 1037 2474 ei,
1071 2382 1252 2479 quia
1280 2387 1482 2459 esset
1518 2405 1695 2461 vere
1735 2381 1936 2456 filius
1967 2382 2109 2457 Dei
2134 2373 2186 2456 ⁴.
2215 2380 2417 2455 Nam
2456 2383 2630 2455 erat
2666 2382 2749 2454 et
2784 2379 3005 2453 iuxta
3041 2377 3489 2472 archiotipa.

581 2505 936 2581 similiter
989 2505 1084 2581 de
1137 2508 1284 2582 tali
1320 2530 1699 2582 marmore
1737 2507 1970 2597 facta,
2027 2528 2261 2602 quam
2316 2504 2474 2578 dixi
2513 2504 2653 2578 filii
2700 2504 2935 2600 ipsius
2982 2524 3144 2578 esse
3178 2502 3460 2597 Magni,

587 2629 942 2704 similiter
981 2634 1061 2705 et
1096 2631 1263 2727 ipsa
1299 2632 1588 2708 habens
1626 2630 1915 2727 aliquid
1951 2632 2249 2726 gratiae
2287 2629 2368 2703 in
2404 2628 2630 2704 vultu
2660 2623 2712 2703 ⁵.
2751 2628 2952 2702 Item
3005 2626 3463 2722 perintravi-

586 2777 755 2828 mus
809 2754 890 2828 in
946 2756 1315 2832 interiore
1368 2761 1589 2852 parte
1643 2756 1950 2852 palatii:
2007 2758 2089 2831 et
2125 2755 2232 2828 ibi
2287 2756 2512 2828 erant
2548 2751 2801 2827 fontes
2855 2751 3184 2848 piscibus
3229 2751 3460 2847 pleni,

584 2881 813 2973 quale
843 2901 985 2977 ego
1024 2881 1273 2957 adhuc
1306 2906 1702 2978 nunquam
1742 2881 1924 2972 vidi,
1965 2880 2043 2955 id
2082 2882 2200 2955 est
2237 2881 2508 2953 tantae
2543 2876 3093 2973 magnitudinis
3118 2868 3170 2968 ⁰,
3210 2878 3290 2950 et
3336 2874 3460 2950 vel

579 3008 743 3079 tam
769 3008 1211 3103 perlustreS,
1249 3012 1391 3082 aut
1427 3012 1593 3083 tam
1619 3008 1800 3083 boni
1827 3006 2142 3104 saporis.
2173 3004 2375 3079 Nam
2402 3004 2568 3101 ipsa
2596 3003 2868 3078 civitas
2905 3002 3139 3077 aliam
3180 3023 3458 3097 aquam

583 3132 887 3226 penitus
940 3155 1096 3208 non
1150 3133 1388 3210 habet
1440 3155 1666 3226 nunc,
1724 3133 1872 3206 nisi
1928 3154 2121 3223 eam,
2180 3152 2378 3228 quae
2415 3129 2509 3204 de
2546 3129 2836 3225 palatio
2876 3128 3058 3220 exit,
3089 3147 3287 3224 quae
3343 3128 3462 3202 est

577 3374 756 3438 Rom.
797 3374 1062 3454 legitur:
1108 3399 1140 3434 ‹
1164 3374 1443 3438 Edessae
1484 3374 1550 3436 in
1589 3374 1772 3455 Syria
1815 3374 1876 3436 S.
1917 3372 2168 3454 Eulogii
2211 3371 2487 3453 episcopi
2516 3379 2582 3434 et
2622 3369 2997 3433 confessoris
3023 3393 3075 3430 ».
3121 3369 3284 3430 Acta
3324 3366 3460 3447 ejus

578 3495 656 3537 ex
694 3473 1084 3537 Theodoreto
1128 3474 1455 3554 desumpta
1496 3474 1802 3555 (Bolland.
1846 3475 1884 3534 ὅ
1923 3472 2095 3548 Maii,
2135 3478 2182 3533 t.
2224 3472 2313 3550 H,
2356 3491 2415 3550 p.
2462 3471 2563 3551 10)
2604 3470 2794 3532 silent
2833 3489 2973 3531 eum
3012 3467 3213 3530 fuisse
3262 3486 3464 3527 mona-

577 3568 778 3647 chum,
813 3577 1141 3649 antequam
1169 3569 1384 3632 factus·
1402 3578 1502 3633 est
1529 3572 1874 3651 episcopua
1908 3569 2083 3630 Obiit
2122 3588 2280 3630 anno
2309 3569 2429 3628 698
2458 3566 2726 3648 epochae
2754 3564 3131 3643 Edessenae,
3170 3564 3274 3642 qui
3302 3584 3461 3625 anno

576 3687 701 3730 aer.
739 3668 911 3746 vulg.
954 3668 1214 3730 387-388
1253 3669 1621 3749 respondet:
1664 3669 1723 3731 ei
1767 3667 1967 3748 Cyrus
2009 3666 2314 3730 successit
2343 3665 2512 3747 (Chr.
2542 3664 2765 3729 Edess.
2791 3664 2858 3726 in
2885 3664 3275 3726 Assemanno
3295 3662 3461 3723 Bibl.

583 3764 689 3826 or.
729 3764 802 3827 Π
837 3785 901 3846 p.
942 3766 1107 3846 399).

739 3861 757 3897 ¹
788 3862 962 3925 Bene
1003 3862 1332 3944 episcopus
1372 3864 1670 3943 Edessae,
1713 3884 1852 3926 cum
1889 3862 2269 3942 Peregrinae
2296 3861 2580 3926 novisset
2607 3861 2908 3942 originem
2936 3869 3002 3925 et
3026 3861 3168 3942 iter,
3197 3859 3463 3922 Galliam

578 3966 886 4021 extremas
925 3966 1128 4022 terras
1172 3960 1348 4022 dixit.

736 4056 761 4092 ²
788 4058 929 4119 Duo
965 4063 1144 4119 erant
1168 4056 1712 4136 regalia‘Edessae
1739 4059 1992 4139 palatia,
2022 4079 2212 4121 unum
2238 4059 2403 4138 quod
2427 4058 2764 4123 vocabatur
2790 4058 3012 4138 maius,
3043 4078 3078 4120 e
3105 4077 3226 4136 quo
3255 4055 3462 4119 fontes

577 4168 870 4234 aquarum
909 4155 1068 4217 satis
1107 4155 1353 4218 abunde
1394 4156 1732 4234 scatebant,
1776 4157 2038 4219 alterum
2078 4158 2158 4219 ab
2197 4158 2451 4237 Abgaro
2500 4157 2568 4218 in
2622 4156 2850 4237 oppido
2904 4175 3017 4219 suo
3071 4153 3462 4217 aedificatum

576 4274 737 4316 anno
763 4253 1259 4333 quingentesimo
1289 4254 1525 4318 decimo
1553 4255 1819 4335 septimo
1848 4255 2119 4335 epochae
2148 4255 2486 4320 edessenae
2529 4255 2814 4335 (204-205
2853 4275 2914 4335 p.
2959 4253 3131 4335 Chr.)
3176 4250 3460 4315 Chronic.

578 4352 783 4416 edess.
812 4350 903 4432 Π,
942 4372 1004 4431 p.
1050 4354 1171 4414 390
1210 4358 1277 4415 et
1316 4354 1454 4414 393.
1711 4399 1718 4405 .

731 4447 757 4486 ³
784 4449 1231 4529 Archetypum,
1273 4469 1386 4511 seu
1428 4449 1683 4529 antiqua
1723 4457 1789 4513 et
1826 4450 2031 4513 fidelis
2073 4452 2313 4530 Abgari
2354 4453 2558 4531 imago
2587 4472 2665 4514 ex
2691 4451 2927 4530 onyche
2960 4451 3064 4513 vel
3094 4448 3459 4513 alabastrite

579 4545 801 4609 efficta.
843 4549 1074 4626 Inqens
1115 4546 1184 4607 in
1223 4546 1356 4609 cod.
1398 4568 1509 4628 pro
1552 4551 1749 4610 valde.
1791 4548 1953 4610 Item
1994 4549 2261 4628 legimus
2303 4550 2365 4611 in
2405 4549 2656 4631 pagella
2695 4550 2894 4629 prima
2952 4548 3138 4611 huius
3188 4546 3461 4629 peregri·

575 4642 881 4705 nationis:
927 4665 960 4702 α
984 4641 1299 4706 faciebant
1337 4645 1566 4707 vallem
1607 4644 1912 4708 infinitam
1950 4647 2172 4725 ingens
2196 4671 2252 4709 ›.

732 4739 759 4776 ⁴
783 4741 881 4803 De
919 4741 1173 4819 Abgaro
1213 4761 1361 4820 rege
1406 4742 1781 4821 Oshroenae‚
1831 4744 1938 4822 qui
1994 4745 2231 4806 Christi
2285 4752 2563 4825 tempore
2602 4745 2781 4821 vixit,
2824 4744 3063 4822 aliquot
3102 4742 3462 4806 testimonia

577 4844 791 4900 extant
830 4838 1109 4917 antiqua:
1150 4839 1294 4901 Tac.
1336 4842 1497 4902 Ann.
1539 4841 1580 4902 1.
1624 4843 1779 4919 XII,
1824 4864 1876 4904 c.
1919 4845 1989 4922 33
2032 4843 2280 4924 Ioseph.
2325 4844 2537 4923 Antiq.
2578 4844 2621 4905 1.
2650 4845 2801 4923 XX,
2836 4863 2887 4906 c.
2915 4846 2987 4920 25
3018 4843 3245 4905 Euseb.
3273 4841 3355 4902 Η.
3386 4841 3457 4900 Ε.

575 4935 617 4995 l.
658 4936 711 5014 I,
754 4956 886 5015 cap:
930 4937 1025 4997 13.
1069 4936 1166 4998 Cf.
1209 4937 1542 5000 Tillemont
1582 4941 1761 5001 Mem.
1804 4942 1858 5017 I,
1900 4962 1961 5020 p.
2003 4943 2142 5004 361.

734 5032 760 5069 ⁶
785 5034 1100 5109 Exhibent
1138 5037 1372 5096 nummi
1400 5037 1693 5100 Edessae
1734 5040 1868 5101 cusi
1907 5040 2117 5102 icones
2159 5060 2378 5118 regum
2417 5047 2550 5100 tum
2589 5039 2846 5119 Abgari,
2889 5046 3021 5101 tum
3068 5037 3313 5116 Manni,
3356 5036 3460 5099 vel

575 5129 784 5191 Maeni
826 5130 1067 5211 (Magni
1107 5131 1173 5192 in
1213 5133 1373 5213 cod.)
1416 5154 1454 5195 a
1493 5141 1770 5214 tempore
1812 5135 2118 5197 Hadriani
2157 5156 2351 5214 usque
2390 5136 2472 5197 ad
2498 5136 2909 5198 Gordianum:
2952 5156 2986 5198 e
3028 5135 3253 5214 quibus
3294 5154 3460 5194 num-

573 5228 694 5290 mis
733 5249 913 5306 nnus,
955 5236 1163 5293 aetate
1206 5231 1543 5311 Commodi,
1586 5234 1825 5312 Abgari
1867 5240 1934 5296 et
1972 5235 2188 5296 Manui
2226 5235 2341 5295 filii
2368 5234 2611 5296 vultum
2652 5234 2904 5297 exhibet
2939 5232 3247 5315 (Visoonti
3288 5234 3457 5293 Icon.

581 5326 802 5406 Greca,
844 5335 891 5388 t.
934 5328 1056 5408 III,
1100 5336 1225 5391 tav.
1270 5333 1354 5411 2),
1385 5332 1814 5411 depromptum
1854 5331 2125 5396 fortasse
2167 5352 2243 5396 ex
2283 5333 2443 5414 ipsis
2485 5332 2713 5396 statuis
2753 5332 3027 5411 iconicis‚
3069 5350 3225 5411 quae
3262 5349 3459 5409 usque

575 5423 655 5486 ad
695 5425 1070 5503 Peregrinae
1111 5433 1357 5506 tempus
1397 5428 1465 5489 in
1502 5429 1735 5508 palatio
1778 5429 2159 5492 visebantur.

733 5522 759 5558 θ
785 5521 1031 5584 Civitas
1071 5523 1314 5586 Edessa
1350 5525 1442 5586 ita
1479 5527 1795 5589 nominata
1834 5530 1913 5591 ab
1943 5548 2235 5606 aquarum
2261 5527 2347 5607 vi,
2374 5536 2446 5589 ut
2484 5546 2519 5589 e
2549 5526 2763 5607 Steph.
2805 5528 2971 5608 Byz.
3015 5518 3118 5609 διὰ
3164 5528 3284 5601 τὴν
3330 5538 3457 5594 τῶν

576 5612 821 5687 ὑδάτων
871 5621 1068 5715 ῥύμην
1115 5624 1278 5689 οὕτω
1324 5625 1645 5700 κληθεῖσα.
1689 5626 1854 5688 Plin.
1898 5627 1979 5687 Η.
2021 5627 2165 5691 Nat.
2208 5627 2249 5688 1.
2291 5626 2371 5703 V,
2407 5627 2515 5687 21:
2559 5648 2592 5685 ‹
2615 5625 2937 5705 Edessam,
2965 5646 3123 5705 quae
3149 5626 3457 5706 quondam

3139 5763 3175 5816 9
