4642 6650
1476 804 1565 848 AD
1612 776 1783 850 Loca
1828 803 2085 849 saxc'rA
2128 803 2240 849 Au.
2288 808 2493 875 665-366
3345 788 3424 851 41

545 1045 725 1096 nam
782 1023 863 1096 et
916 1021 1000 1095 in
1053 1021 1303 1096 medio
1360 1020 1467 1095 ibi
1523 1021 1743 1117 quasi
1799 1020 2164 1096 altarium
2212 1021 2306 1095 de
2359 1021 2743 1118 lapidibus
2808 1022 3101 1098 sactum
3172 1023 3434 1098 habet.

522 1148 823 1224 -Lectus
879 1150 997 1223 est
1053 1170 1233 1243 ergo
1290 1150 1371 1222 et
1426 1147 1534 1221 ibi
1586 1148 1745 1244 ipse
1801 1147 2011 1222 16666
2066 1147 2160 1221 de
2214 1146 2410 1222 libro
2466 1149 2738 1243 Moysi,
2791 1151 2873 1223 et
2928 1149 3174 1224 dictus
3237 1171 3438 1222 6666

548 1275 889 1371 psalmus
930 1278 1160 1370 aptus
1196 1274 1397 1348 loco:
1456 1274 1599 1348 hac
1641 1274 1746 1348 sic
1784 1273 1995 1349 facta
2052 1274 2400 1348 61611666
2457 1274 2976 1349 descendimus
3016 1269 3248 1350 inde.'

709 1400 899 1496 Ecce
937 1403 1019 1475 et
1058 1399 1258 1494 cepit
1294 1400 1452 1473 iam
1489 1421 1651 1474 esse
1687 1399 1877 1473 11616
1933 1398 2258 1473 forsitan
2316 1403 2615 1492 octava,
2657 1404 2738 1476 et
2774 1401 3022 1474 adhuc
3057 1399 3276 1476 nobis
3314 1423 3439 1474 su·

553 1526 931 1621 per-abant
984 1524 1201 1597 milia
1252 1525 1408 1600 tria
1437 1515 1485 1615 ¹,
1535 1526 1627 1621 ut
1680 1524 2197 1620 perexiremus
2240 1530 2542 1600 montes
2585 1525 2812 1621 ipsOS,
2880 1548 3070 1621 quos
3124 1525 3440 1622 ingressi

554 1649 947 1725 fueramus
985 1649 1227 1745 pridie
1255 1669 1465 1738 661·6;
1499 1649 1629 1723 sed
1656 1671 1812 1723 666
1838 1649 2004 1744 ipsa
2032 1652 2255 1744 parte
2292 1650 2498 1725 exire
2544 1651 3039 1741 habebamuS,
3088 1673 3240 1746 qua
3267 1641 3297 1684 ²
3324 1650 3441 1723 in·

553 1777 1059 1865 traveramus‚
1100 1775 1298 1850 sicut
1324 1773 1669 1870 superius
1698 1774 1875 1868 dixi,
1905 1775 2088 1871 quia
2117 1796 2421 1850 necesse
2456 1799 2594 1851 nos
2633 1782 2803 1851 erat
2844 1780 2925 1850 et
2959 1777 3128 1850 loca
3183 1775 3444 1849 omnia

555 1901 821 1972 sancta
857 1898 1253 1972 ambulare
1291 1901 1373 1973 et
1407 1898 1896 1990 monasteria,
1940 1920 2464 1995 quaecumque
2502 1903 2724 1974 erant
2753 1899 2883 1992 ibi,
2916 1898 3197 1991 videre,
3231 1902 3312 1973 et
3341 1897 3446 1972 sic

557 2027 699 2097 aut
732 2023 957 2099 vallis
996 2023 1226 2114 illius,
1269 2046 1501 2118 quam
1537 2024 1885 2119 superius
1924 2024 2082 2098 dixi
2128 2031 2364 2119 caput
2401 2025 2630 2117 exire,
2668 2026 2748 2099 id
2785 2028 2902 2100 est
2935 2025 3166 2099 huius
3196 2025 3443 2115 vallia,

558 2171 755 2243 6666
809 2148 1154 2222 subiacet
1206 2149 1456 2223 monti
1490 2140 1518 2184 ³
1565 2149 1730 2224 Dei.
1775 2150 2190 2246 Propterea
2227 2153 2490 2225 661616
2528 2151 2627 2225 ad
2671 2154 2903 2248 caput
2940 2151 3175 2247 ipsius
3221 2151 3447 2227 vallis

561 2274 767 2348 exire
820 2296 961 2348 nos
1035 2296 1336 2350 necesse
1391 2278 1584 2371 erat,
1661 2276 2023 2371 quoniam
2096 2277 2206 2350 ibi
2281 2279 2506 2351 erant
2576 2276 3043 2351 monasteria
3114 2276 3447 2371 plurima

458 2454 473 2469 .
559 2401 1002 2473 sanctorum
1074 2399 1495 2492 hominum,
1555 2404 1638 2475 et
1701 2401 2009 2476 ecclesia
2064 2401 2146 2474 in
2202 2424 2292 2476 66
2347 2402 2539 2493 1666,
2597 2402 2732 2476 ubi
2787 2404 2905 2477 est
2975 2400 3257 2474 rubus:
3315 2399 3448 2496 qui

559 2525 799 2598 rubus
853 2547 1095 2621 usque
1149 2525 1230 2598 in
1280 2526 1510 2601 hodie
1563 2526 1788 2618 viret,
1836 2530 1917 2602 et
1970 2528 2235 2601 mittet
2289 2528 2693 2623 virgultas,
2723 2527 2834 2601 Ac
2871 2528 2977 2602 616
3015 2548 3219 2622 erge,
3279 2546 3446 2621 per-

564 2649 918 2724 descenso
958 2654 1219 2725 616616
1262 2652 1405 2727 Dei
1440 2644 1490 2743 ⁴,
1537 2654 2021 2748 pervenimus
2062 2652 2160 2726 ad
2197 2653 2500 2744 rubum,
2534 2654 2725 2728 hora
2762 2653 3089 2727 forsitan
3127 2652 3447 2727 decima.

562 2773 706 2848 Hic
743 2779 1007 2850 autem
1043 2776 1305 2869 rubus,
1346 2799 1574 2872 quem
1628 2778 1971 2873 superius
2009 2778 2192 2870 dixi,
2234 2778 2328 2853 de
2374 2801 2523 2874 quo
2579 2778 2882 2853 locutus
2923 2781 3042 2852 est
3079 2777 3450 2852 Dominus

564 2903 813 3000 Moysi
866 2904 948 2976 in
1003 2903 1204 2999 igne,
1263 2905 1396 2998 qui
1451 2907 1572 2978 est
1625 2904 1706 2977 in
1761 2906 1951 2997 loce,
2011 2904 2145 2978 ubi
2199 2904 2665 2979 monasteria
2719 2907 2902 2978 sunt
2953 2904 3308 3000 plurima,
3367 2905 3448 2978 et

570 3027 884 3101 ecclesia
919 3028 1001 3101 in
1056 3028 1303 3122 capite
1338 3027 1562 3103 vallis
1600 3028 1859 3124 ipsius.
1901 3027 2105 3103 Ante
2142 3027 2388 3125 ipsam
2424 3030 2687 3103 autem
2743 3027 3138 3103 ecclesiam
3175 3028 3448 3101 hortus

570 3155 688 3225 est
769 3151 1271 3248 gratissimus,
1327 3143 1633 3253 halbens
1715 3176 1997 3248 aquam
2078 3153 2450 3248 optimam
2513 3152 3058 3244 abundantem,
3127 3152 3210 3224 in
3304 3174 3453 3247 666

572 3276 800 3351 horto
857 3277 1017 3373 ipse
1071 3277 1309 3351 rubus
1347 3280 1467 3352 661
1502 3267 1551 3351 ⁵.
1582 3277 1823 3353 Locus
1861 3278 2098 3353 6116111
2154 3277 2594 3353 ostenditur
2630 3276 2738 3352 ibi
2773 3277 3018 3369 iuxta,
3057 3277 3193 3351 ubi
3235 3276 3458 3352 stetit

570 3400 897 3499 Moyses,
958 3402 1265 3498 quando
1302 3402 1375 3477 ei
1412 3402 1608 3476 dixit
1633 3395 1913 3479 Deus⁶t
1979 3407 2012 3440 ‘⁴
2051 3404 2260 3479 solve
2297 3402 2703 3499 corrigiam
2739 3403 3234 3478 calceamenti
3261 3402 3383 3475 tui
3412 3456 3445 3489 „

571 3529 652 3600 et
705 3529 983 3601 cetera.
1043 3526 1145 3599 Et
1198 3527 1280 3599 in
1335 3547 1427 3600 66
1482 3549 1661 3623 ergo
1745 3527 1913 3603 1666
1969 3550 2143 3602 611111
2213 3526 2844 3623 pervenissemus
2899 3527 3091 3600 hora
3165 3526 3458 3601 decima

573 3654 743 3725 erat
798 3652 977 3742 iam,
1009 3654 1091 3726 et
1141 3651 1312 3727 ideo
1378 3651 1559 3747 quia
1613 3652 1769 3725 iam
1824 3674 1994 3727 sera
2048 3654 2243 3742 erat,
2284 3651 2756 3727 oblationem
2809 3652 3060 3727 facere
3114 3673 3269 3725 non
3321 3673 3455 3748 po-

570 3776 887 3852 tuimus.
929 3774 1073 3851 Sed
1111 3775 1319 3851 facta
1354 3780 1473 3851 est
1527 3777 1776 3851 oratio
1815 3777 1898 3850 in
1951 3777 2287 3868 66616616,
2328 3798 2467 3851 1166
2504 3799 2661 3851 666
2716 3778 2955 3852 611616
2995 3780 3079 3852 61
3112 3776 3197 3850 16
3230 3775 3458 3851 116116

573 3897 671 3972 ad
722 3899 1039 3973 rubum:
1079 3899 1321 3975 lectus
1378 3903 1497 3975 est
1550 3901 1790 3974 etiam
1837 3900 2047 3976 166116
2101 3902 2260 3996 ipse
2316 3900 2411 3975 de
2464 3900 2661 3974 libro
2699 3901 2946 3997 Moysi
2997 3899 3220 3974 iuxta
3275 3920 3459 3973 con-

574 4022 1097 4098 suetudinem:
1138 4027 1219 4098 et
1254 4025 1360 4098 sic
1398 4025 1581 4119 quia
1617 4046 1787 4099 sera
1824 4028 1995 4099 erat
2030 4025 2511 4121 gustavimus
2549 4025 2768 4099 nobis
2813 4026 3068 4099 locum
3106 4025 3188 4097 in
3224 4025 3452 4098 horto

576 4150 756 4221 61116
790 4147 1070 4220 rubum
1107 4169 1283 4223 cum
1318 4148 1600 4222 sanctis
1639 4148 1856 4243 ipsis3
1888 4170 1978 4222 66
2004 4150 2111 4222 616
2146 4148 2466 4223 fecimus
2500 4147 2609 4220 ibi
2641 4147 3145 4221 mansionem.
3177 4145 3278 4219 Et
3309 4146 3466 4220 alia

579 4271 697 4346 die
733 4273 1112 4346 maturius
1149 4273 1581 4369 vigilanteS,
1612 4274 2055 4369 rogavimus
2088 4273 2572 4368 presbiteros,
2602 4274 2695 4345 ut
2732 4274 2814 4346 et
2842 4272 2950 4345 ibi
2992 4270 3212 4346 fieret
3251 4269 3462 4343 obla-

578 4398 731 4502 tio,
773 4398 973 4472 sicut
1025 4401 1108 4502 et
1170 4398 1378 4473 facta
1443 4401 1583 4473 est.

742 4637 761 4674 ¹
790 4639 937 4700 Tria
962 4637 1159 4701 millia
1183 4659 1482 4719 passuum
1511 4660 1547 4702 6
1573 4638 1945 4701 16666616116
1977 4637 2188 4720 (hodie
2216 4657 2268 4701 s.
2299 4635 2693 4718 catharinae)
2737 4635 2818 4697 ad
2859 4637 3216 4718 speluncam
3241 4633 3468 4699 Heliae

578 4744 1024 4817 computantur,
1067 4744 1140 4800 ut
1180 4758 1258 4801 ex
1296 4739 1608 4800 Antonino
1650 4737 2043 4818 percipimus,
2087 4744 2153 4800 et
2190 4736 2505 4818 peregrini
2546 4741 2860 4798 testantur
2900 4756 3134 4800 6161166.

739 4833 762 4870 ²
793 4833 941 4896 cod.
984 4841 1150 4912 quia.
1191 4871 1275 4883 —
1314 4835 1340 4872 ³
1369 4835 1520 4898 cod.
1560 4843 1801 4898 montis.

740 4935 767 4968 ⁴
792 4933 975 4995 Mons
1014 4934 1136 4995 Dei
1180 4942 1279 4996 est
1319 4934 1508 4997 etiam
1546 4936 1779 5013 Horeb,
1809 4935 1914 5012 qui
1952 4954 2075 4995 una
2115 4951 2254 4995 cum
2295 4932 2469 4994 Sinai
2494 4930 2663 4993 idem
2691 4947 2932 4994 sacrum
2959 4939 3025 4994 et
3052 4932 3347 5011 solemne,
3377 4951 3470 4993 se⁴

583 5030 853 5092 cundum
876 5025 945 5092 ’6.
989 5032 1369 5110 Scripturam
1411 5040 1477 5093 et
1518 5031 1916 5093 christianam
1956 5030 2378 5109 traditionem,
2420 5029 2762 5091 constituit.

740 5127 764 5162 ⁵
791 5127 1013 5206 Leone,
1054 5129 1163 5200 ubi
1201 5129 1393 5190 rubus
1435 5128 1632 5190 fuisse
1673 5127 1892 5206 fertur,
1951 5148 2113 5188 61166
2168 5132 2341 5190 extat
2381 5128 2447 5186 in
2488 5126 2793 5188 sanctiore
2833 5134 3013 5206 parte
3043 5123 3364 5203 ecclesiae,
3405 5125 3473 5187 in

583 5221 799 5284 abside
840 5227 955 5284 sub
995 5224 1178 5286 choro
1218 5224 1681 5285 monachorum:
1704 5226 2204 5302 subeuntesque,
2237 5224 2426 5301 jussu
2467 5223 2588 5284 Dei
2629 5231 2936 5301 revocato,
2982 5223 3341 5285 discalceati
3386 5223 3474 5283 in·

584 5321 969 5400 gradiuntur.
1011 5322 1149 5383 Hoc
1189 5323 1501 5385 sacellum·
1525 5343 1711 5402 opere
1752 5330 2044 5401 argenteo
2088 5322 2326 5383 caelato
2369 5327 2730 5382 exornatum
2778 5321 3155 5400 imperatrici
3194 5320 3473 5382 Helenae

584 5420 908 5498 tribuitun:
938 5420 1051 5481 sed
1070 5440 1413 5500 perperam,
1433 5422 1638 5483 virere
1661 5422 1825 5482 enim
1851 5422 1917 5481 in
1940 5422 2120 5481 horto
2150 5426 2295 5482 ante
2326 5420 2653 5480 ecclesiam
2676 5418 2882 5499 ipsum
2908 5421 3130 5480 rubum
3173 5418 3473 5480 audimus.

744 5519 771 5555 θ
798 5517 993 5579 Exod.
1024 5538 1079 5586 c.
1103 5519 1229 5597 m,
1258 5520 1317 5580 5.
1346 5519 1794 5599 Septuaginta:
1840 5524 2025 5586 λῦσαι
2069 5521 2146 5585 τὸ
2193 5510 2493 5607 ὑπόδημα
2540 5523 2611 5584 ἐκ
2650 5529 2777 5584 τῶν
2810 5510 3017 5585 ποδῶν
3051 5542 3179 5584 σου.
3213 5516 3299 5577 Et
3337 5516 3473 5578 vul-

583 5623 734 5694 gata
772 5617 979 5678 idem:
1026 5640 1057 5674 α
1087 5618 1262 5679 solve
1304 5618 1785 5680 calceamentum
1827 5618 1906 5680 de
1947 5615 2214 5696 pedibus
2255 5615 2385 5678 tuis
2416 5638 2470 5676 ».

3259 5727 3326 5801 6.
