4642 6650
1247 797 1371 865 140
2420 813 2619 860 Pie-rm
2664 812 2939 862 1111160111

1233 1036 1454 1111 iuxta
1508 1037 1755 1133 ripam
1791 1036 2027 1133 ipsius
2065 1035 2569 1112 inveniuntur
2606 1057 2874 1132 aquae.
2916 1035 3120 1110 Erba
3155 1057 3338 1111 vero
3375 1035 3533 1111 illic
3569 1037 3757 1110 satis
3809 1036 4106 1111 habun-

1238 1160 1415 1236 dat:
1475 1163 1780 1237 arbores
1856 1165 2118 1236 autem
2194 1161 2622 1257 palmarum
2697 1161 2854 1236 illic
2926 1161 3303 1258 plurimae
3368 1164 3571 1236 sunt.
3638 1161 3709 1236 A
3771 1164 4109 1238 transitu

1226 1291 1500 1362 -autem
1555 1288 1787 1361 maris
1841 1287 2079 1378 rubri,
2139 1286 2217 1360 id
2271 1290 2390 1361 est
2428 1285 2602 1378 Sur,
2640 1308 2797 1361 non
2832 1286 3226 1362 invenitur
3262 1289 3424 1361 tam
3481 1309 3845 1363 amoenus
3899 1287 4109 1363 locus

1237 1435 1414 1488 cum
1467 1416 1693 1487 tanta
1747 1416 1828 1488 et
1880 1412 2024 1488 tali
2081 1435 2306 1508 aqua,
2346 1416 2427 1487 et
2461 1415 2626 1486 tam
2666 1403 3149 1486 abundanter
3185 1413 3331 1487 nisi
3367 1413 3627 1487 istum.
3685 1413 3872 1489 Inde
3926 1436 4106 1510 ergo

1235 1538 1489 1612 media
1543 1540 1837 1612 mansio
1892 1540 2114 1612 iuxta
2151 1559 2362 1612 mare
2400 1540 2540 1612 est.
2580 1538 2907 1625 Demum
2956 1559 3138 1613 vero
3175 1541 3548 1634 apparent
3602 1539 3754 1613 duo
3807 1543 4108 1614 montes

1238 1664 1511 1739 excelsi
1569 1664 1815 1754 valde,
1875 1687 1922 1737 a
1974 1666 2195 1760 parte
2251 1685 2434 1738 vero
2490 1665 2799 1737 sinistra
2838 1666 3253 1758 antequam
3310 1663 3405 1737 ad
3462 1668 3762 1739 montes
3816 1665 4104 1755 veniaS,

1236 1790 1448 1864 locus
1502 1789 1637 1863 ubi
1708 1789 1910 1885 pluit
1981 1789 2352 1864 Dominus
2426 1811 2711 1862 manna
2786 1787 2960 1862 filiis
3016 1773 3296 1864 Israel:
3352 1793 3653 1866 montes
3728 1813 3909 1867 vero
3965 1790 4106 1889 ipsi

1229 1912 1509 1987 excelsi
1564 1915 1645 1987 et
1699 1913 1936 1987 erecti
1973 1913 2195 1988 valde
2242 1915 2424 1986 sunt
2463 1904 2509 1987 ¹.
2551 1911 2669 1986 Ab
2708 1913 2863 1986 alia
2904 1916 3168 1990 autem
3208 1917 3429 2010 parte
3463 1914 3847 1989 montium
3883 1916 4106 1991 vallis

1236 2035 1677 2131 planissima
1732 2040 1849 2110 est
1902 2059 1990 2110 ac
2045 2038 2110 2111 si
2164 2037 2524 2132 porticus,
2567 2038 2930 2112 ducentos
2974 2060 3241 2132 passus
3294 2039 3518 2113 vallis
3572 2039 3738 2134 ipsa
3790 2039 3873 2113 in
3925 2040 4104 2113 lati-

1235 2159 1506 2234 tudine
1540 2160 1828 2236 habens
1854 2152 1905 2235 ².
1947 2159 2066 2234 Ab
2105 2164 2434 2256 utroque
2474 2164 2737 2235 autem
2776 2162 3024 2236 latere
3060 2161 3283 2237 vallis
3319 2165 3620 2237 montes
3657 2162 3800 2257 ipsi
3834 2162 4106 2238 excelsi

1221 2287 1318 2357 *et
1371 2288 1608 2361 erecti
1661 2290 1866 2361 sunt.
1923 2286 2073 2361 Ubi
2110 2291 2375 2362 autem
2431 2291 2729 2362 montes
2786 2287 3035 2383 aperti
3073 2291 3278 2380 sunt,
3318 2292 3437 2363 est
3490 2289 3717 2364 vallis
3753 2311 3885 2364 sex
3937 2289 4107 2363 mil-

1235 2410 1433 2485 libus
1487 2413 1832 2507 passibus
1889 2413 2075 2504 lata,
2132 2412 2633 2509 longitudinis
2680 2417 2944 2488 autem
2997 2414 3185 2488 satis
3221 2412 3392 2510 plus
3429 2414 3664 2488 habet
3700 2408 3749 2487 ⁸.
3806 2414 4103 2489 Montes

1235 2560 1417 2613 vero
1470 2542 1624 2614 toti
1688 2561 1821 2635 per
1893 2561 2171 2635 gyrum
2243 2539 2595 2615 excavati
2666 2542 2891 2614 sunt:
2948 2539 3215 2614 taliter
3286 2543 3549 2614 autem
3616 2539 3867 2615 factae
3922 2544 4105 2615 sunt

1223 2666 1546 2758 cryptae
1601 2664 1802 2754 illae,
1864 2667 1953 2737 ut
1990 2663 2055 2735 si
2091 2663 2547 2758 suspendere
2586 2663 2918 2738 volueris
2954 2663 3151 2764 vela,
3189 2664 3540 2738 cubicula
3594 2664 4106 2760 pulcherrima

1229 2790 1439 2862 sunt.
1496 2787 2108 2885 Unumquodque
2164 2791 2429 2862 autem
2467 2788 2902 2863 cubiculum
2939 2792 3058 2863 est
3095 2788 3557 2886 descriptum
3594 2790 3875 2866 litteris
3926 2791 4106 2865 hae-

1233 2914 1434 2988 breis
1460 2906 1511 2988 4.
1551 2914 1819 3010 Aquae
1856 2916 2092 2989 etiam
2129 2915 2237 2988 ibi
2273 2915 2518 2991 bonae
2556 2920 2635 2990 et
2673 2915 3153 2990 abundantes
3191 2915 3378 2990 satis
3416 2917 3497 2989 in
3527 2919 3872 2991 extrema
3898 2915 4101 2990 valle

1225 3043 1442 3142 sunt,
1500 3040 1631 3115 sed
1683 3064 1838 3115 non
1892 3042 2154 3137 quales
2207 3041 2288 3114 in
2344 3040 2620 3115 Helim.
2661 3042 2902 3115 Locus
2942 3063 3123 3116 vero
3169 3041 3330 3137 ipse
3386 3045 3707 3117 vocatur
3762 3041 4106 3116 desertus

1225 3164 1563 3259 -Pharan,
1624 3167 1824 3242 unde
1880 3168 2088 3242 missi
2143 3170 2326 3241 sunt
2380 3168 2896 3264 exploratores
2934 3189 2981 3241 a
3018 3166 3305 3264 Moyse,
3347 3168 3481 3263 qui
3536 3168 4106 3243 considerarent

1231 3289 1605 3370 terram⁶z
1646 3294 1744 3368 ab
1772 3295 2116 3390 utrisque
2144 3316 2325 3369 vero
2357 3293 2702 3390 partibus
2732 3294 2944 3369 locus
2981 3293 3112 3369 ille
3152 3293 3495 3369 munitus
3536 3297 3655 3370 est
3690 3294 4103 3370 montibus.

1230 3421 1407 3496 Non
1459 3422 1612 3496 fert
1666 3425 1929 3496 autem
1982 3422 2193 3496 106116
2248 3422 2377 3495 1116
2432 3443 2654 3515 agros
2707 3424 2848 3494 aut
2909 3420 3198 3511 vineas,
3253 3420 3639 3517 nichilque
3695 3421 3893 3495 aliut
3938 3421 4104 3496 illic

1232 3550 1352 3622 est
1404 3547 1552 3621 nisi
1607 3569 1809 3643 aqua
1863 3548 1944 3620 et
1999 3547 2307 3621 arbores
2346 3547 2800 3642 palmarum.
2844 3547 3085 3641 Prope
3129 3568 3310 3623 vero
3367 3548 3466 3621 ad
3520 3549 3775 3623 vicum
3828 3547 4104 3621 Faram

1230 3671 1328 3745 ad
1385 3672 1592 3746 mille
1648 3672 2103 3767 quingentos
2179 3694 2442 3766 passus
2516 3674 3123 3767 coangustantur
3195 3674 3490 3746 montes
3576 3672 3714 3763 illi,
3799 3675 3890 3745 ut
3975 3672 4104 3747 vix

1230 3796 1551 3893 triginta
1608 3797 1949 3893 passibus
2003 3797 2168 3870 lata
2222 3797 2331 3871 ibi
2386 3797 2488 3871 sit
2541 3797 2764 3872 vallis
2821 3797 2978 3872 illa.
3035 3797 3154 3871 Ibi
3219 3799 3651 3894 appellatur
3703 3798 3914 3873 locus
3971 3797 4102 3872 ille

1229 3920 1611 4018 Raphidin
1636 3915 1686 4014 ⁶,
1731 3923 1860 3996 ubi
1897 3921 2311 3997 Hamalech
2354 3922 2890 3998 occurritfffiliis
2946 3922 3207 4015 Israel,
3265 3927 3345 3999 et
3399 3923 3534 4009 ubi
3587 3924 4103 3999 murmuravit

1229 4045 1554 4143 populus
1607 4070 1744 4144 pro
1817 4070 2042 4143 aqua,
2100 4053 2180 4122 et
2235 4048 2368 4121 ubi
2433 4040 2723 4121 Iethro'
2751 4069 2962 4122 socer
3016 4047 3261 4145 Moysi
3318 4049 3390 4124 ei
3429 4049 3806 4130 occurrit.
3864 4049 4107 4125 Locus

1393 4376 1413 4414 ¹
1455 4378 1705 4440 Montes
1745 4399 1885 4440 cum
1918 4378 2092 4459 jugis
2133 4378 2265 4441 suis
2307 4378 2461 4442 dicti
2502 4380 2577 4440 H
2575 4399 2823 4440 amman
2849 4381 3131 4459 Panion,
3159 4377 3265 4457 qui
3302 4377 3369 4441 in
3408 4378 3566 4441 mari
3605 4379 3792 4441 rubro
3832 4398 4109 4460 promon-

1234 4476 1465 4539 torium
1504 4476 1760 4539 faciunt.
2458 4484 2463 4489 ’
3016 4530 3021 4537 .

1392 4575 1417 4611 ²
1457 4576 1661 4638 Vallis
1703 4576 1926 4655 exigua
1965 4597 2126 4638 nunc
2165 4584 2424 4638 vocatur
2476 4578 2675 4655 Wady
2724 4577 3042 4653 Tayibech.

1390 4674 1415 4710 ³
1454 4674 1627 4736 Mare
1669 4676 1922 4736 rubrum
1960 4675 2249 4752 linquens
2290 4675 2682 4737 dextrorsum
2723 4674 2888 4735 viam
2930 4673 3094 4735 inter
3132 4680 3377 4737 montes
3419 4675 3670 4754 carpsit,
3703 4694 3861 4753 quae
3899 4675 4103 4735 Farau

1225 4775 1528 4836 ducebat:
1572 4773 1800 4835 deinde
1828 4774 2117 4835 continuo
2149 4775 2246 4853 (ut
2274 4781 2375 4835 est
2402 4773 2747 4854 probabile)
2778 4772 3005 4835 vallem
3034 4774 3209 4836 Sildr
3233 4782 3340 4836 aut
3365 4776 3554 4835 Bilrlc
3583 4774 3894 4837 montibus
3921 4773 4106 4834 unde-

1227 4892 1476 4952 quoque
1519 4873 1792 4934 clausam
1832 4873 2117 4951 ingressa
2144 4887 2262 4935 est.

1385 4972 1413 5008 ⁴
1451 4970 1899 5049 Inscriptiones
1919 4972 2178 5051 rupibus
2207 4973 2494 5052 synaitici
2502 4993 2532 5033 s
2554 4972 2787 5034 incisae
2809 4970 3153 5033 viatoribus
3174 4970 3533 5049 frequentes
3550 4976 3906 5032 occurrunt:
3935 4990 4108 5049 prae-

1227 5070 1445 5132 sertim
1484 5070 1550 5131 in
1591 5070 1841 5148 regione
1884 5070 2210 5132 faranitica
2239 5092 2418 5133 secus
2447 5072 2585 5132 vias
2614 5071 2903 5132 visuntur
2930 5078 3113 5147 atque
3139 5069 3207 5129 in
3235 5076 3591 5148 cryptarum
3630 5068 3855 5147 fronte,
3881 5068 4103 5147 quibus

1227 5168 1467 5231 incolae
1508 5189 1618 5246 pro
1662 5167 1945 5229 domibus
1974 5169 2075 5229 vel
2107 5168 2411 5247 sepulcris
2438 5172 2812 5230 utebantur:
2844 5168 3221 5245 antiquiores
3248 5167 3483 5230 litteris
3513 5168 3930 5246 peculiaribus
3973 5187 4107 5228 exa-

1228 5273 1401 5327 ratae
1443 5264 1522 5326 ad
1562 5266 1836 5343 linguam
1878 5269 1974 5347 (ut
2013 5266 2310 5346 creditur)
2355 5267 2671 5344 pertinent
2711 5266 3134 5327 nabathaeum.

1389 5364 1414 5400 ⁵
1456 5364 1658 5425 Locus
1701 5364 1888 5427 etiam
1927 5385 2088 5425 nunc
2126 5384 2348 5425 nomen
2389 5369 2626 5426 Feiran
2664 5364 2911 5441 retinet,
2944 5362 3056 5424 sed
3085 5363 3193 5424 illo
3224 5364 3733 5444 temporeomnis
3761 5362 3935 5443 regio
3965 5381 4104 5423 cum

1225 5464 1544 5525 montibus
1587 5470 1651 5524 et
1691 5462 1961 5524 vallibus
2004 5462 2321 5523 desertum
2361 5464 2565 5524 Faran
2606 5463 3057 5543 appellabatur.

1390 5563 1415 5599 ⁶
1457 5561 1525 5624 Si
1563 5564 1719 5624 bene
1760 5560 2051 5623 dictionis
2092 5582 2311 5623 66116116
2352 5562 2709 5642 percipitur,
2770 5561 3008 5623 mansio
3070 5560 3387 5643 Raphidin
3447 5561 3734 5643 ponenda
3795 5567 3896 5624 est
3934 5559 4104 5622 inter

1231 5659 1556 5738 angustias
1597 5658 1896 5720 montium
1925 5658 2149 5720 Sei-bal
2189 5666 2253 5720 et
2291 5662 2587 5722 Jauzeoh.
