<?xml version="1.0" encoding="UTF-8"?>
<!DOCTYPE html PUBLIC "-//W3C//DTD XHTML 1.0 Transitional//EN"
    "http://www.w3.org/TR/xhtml1/DTD/xhtml1-transitional.dtd">
<html xmlns="http://www.w3.org/1999/xhtml" xml:lang="en" lang="en">
 <head>
  <title>
</title>
<meta http-equiv="Content-Type" content="text/html;charset=utf-8" />
  <meta name='ocr-system' content='tesseract 3.04.00' />
  <meta name='ocr-capabilities' content='ocr_page ocr_carea ocr_par ocr_line ocrx_word'/>
</head>
<body>
  <div class='ocr_page' id='page_1' title='image "./shilariitractat01petrgoog_0031.png"; bbox 0 0 4642 6650; ppageno 0'>
   <div class='ocr_carea' id='block_1_1' title="bbox 1582 738 3438 798">
    <p class='ocr_par' dir='ltr' id='par_1_1' title="bbox 1582 738 3438 798">
     <span class='ocr_line' id='line_1_1' title="bbox 1582 738 3438 798; baseline -0.007 0"><span class='ocrx_word' id='word_1_1' title='bbox 1582 752 1674 798; x_wconf 88' lang='lat'>111.</span> <span class='ocrx_word' id='word_1_2' title='bbox 1721 750 1813 797; x_wconf 72' lang='lat' dir='ltr'>DE</span> <span class='ocrx_word' id='word_1_3' title='bbox 1855 745 2429 795; x_wconf 66' lang='lat' dir='ltr'>rmGRtHAnon</span> <span class='ocrx_word' id='word_1_4' title='bbox 3305 738 3438 785; x_wconf 76' lang='lat' dir='ltr'>XXV</span> 
     </span>
    </p>
   </div>
   <div class='ocr_carea' id='block_1_2' title="bbox 567 944 3438 4958">
    <p class='ocr_par' dir='ltr' id='par_1_2' title="bbox 574 944 3438 1505">
     <span class='ocr_line' id='line_1_2' title="bbox 576 944 3429 1065; baseline -0.004 -16"><span class='ocrx_word' id='word_1_5' title='bbox 576 974 679 1049; x_wconf 92' lang='lat' dir='ltr'>sit</span> <span class='ocrx_word' id='word_1_6' title='bbox 731 974 1027 1065; x_wconf 89' lang='lat' dir='ltr'>Moises,</span> <span class='ocrx_word' id='word_1_7' title='bbox 1083 975 1203 1047; x_wconf 90' lang='lat' dir='ltr'>est</span> <span class='ocrx_word' id='word_1_8' title='bbox 1256 972 1492 1046; x_wconf 91' lang='lat' dir='ltr'>etiam</span> <span class='ocrx_word' id='word_1_9' title='bbox 1547 968 2224 1045; x_wconf 90' lang='lat' dir='ltr'>adnumerandum.</span> <span class='ocrx_word' id='word_1_10' title='bbox 2268 965 2618 1055; x_wconf 77' lang='lat' dir='ltr'>Traiecto</span> <span class='ocrx_word' id='word_1_11' title='bbox 2657 965 2981 1041; x_wconf 81' lang='lat' dir='ltr'>Iordane</span> <span class='ocrx_word' id='word_1_12' title='bbox 3033 944 3429 1041; x_wconf 80' lang='lat' dir='ltr'>Liviadem</span> 
     </span>
     <span class='ocr_line' id='line_1_3' title="bbox 576 1108 3437 1215; baseline -0.003 -22"><span class='ocrx_word' id='word_1_13' title='bbox 576 1117 891 1210; x_wconf 89' lang='lat' dir='ltr'>accedit,</span> <span class='ocrx_word' id='word_1_14' title='bbox 948 1120 1216 1215; x_wconf 92' lang='lat' dir='ltr'>postea</span> <span class='ocrx_word' id='word_1_15' title='bbox 1269 1136 1629 1192; x_wconf 80' lang='lat' dir='ltr'>cacumen</span> <span class='ocrx_word' id='word_1_16' title='bbox 1682 1113 1961 1188; x_wconf 87' lang='lat' dir='ltr'>Nabau</span> <span class='ocrx_word' id='word_1_17' title='bbox 2035 1112 2315 1208; x_wconf 90' lang='lat' dir='ltr'>adepta</span> <span class='ocrx_word' id='word_1_18' title='bbox 2372 1113 2513 1185; x_wconf 89' lang='lat' dir='ltr'>est.</span> <span class='ocrx_word' id='word_1_19' title='bbox 2573 1109 2734 1197; x_wconf 87' lang='lat' dir='ltr'>Quo</span> <span class='ocrx_word' id='word_1_20' title='bbox 2809 1109 2972 1184; x_wconf 89' lang='lat' dir='ltr'>loco</span> <span class='ocrx_word' id='word_1_21' title='bbox 3049 1108 3437 1184; x_wconf 90' lang='lat' dir='ltr'>Palestina</span> 
     </span>
     <span class='ocr_line' id='line_1_4' title="bbox 579 1251 3438 1356; baseline -0.003 -19"><span class='ocrx_word' id='word_1_22' title='bbox 579 1263 821 1337; x_wconf 92' lang='lat' dir='ltr'>omnis</span> <span class='ocrx_word' id='word_1_23' title='bbox 875 1261 1297 1353; x_wconf 71' lang='lat' dir='ltr'><strong>visebatur,</strong></span> <span class='ocrx_word' id='word_1_24' title='bbox 1357 1263 1438 1335; x_wconf 90' lang='lat' dir='ltr'>et</span> <span class='ocrx_word' id='word_1_25' title='bbox 1491 1258 1699 1356; x_wconf 85' lang='lat' dir='ltr'>regio</span> <span class='ocrx_word' id='word_1_26' title='bbox 1757 1257 1937 1332; x_wconf 91' lang='lat' dir='ltr'>olim</span> <span class='ocrx_word' id='word_1_27' title='bbox 1976 1254 2596 1345; x_wconf 86' lang='lat' dir='ltr'>Amorrheorum,</span> <span class='ocrx_word' id='word_1_28' title='bbox 2636 1255 2717 1327; x_wconf 94' lang='lat' dir='ltr'>et</span> <span class='ocrx_word' id='word_1_29' title='bbox 2754 1251 2987 1349; x_wconf 85' lang='lat' dir='ltr'>Segor</span> <span class='ocrx_word' id='word_1_30' title='bbox 3022 1275 3177 1327; x_wconf 91' lang='lat' dir='ltr'>non</span> <span class='ocrx_word' id='word_1_31' title='bbox 3213 1253 3438 1350; x_wconf 84' lang='lat' dir='ltr'>longe</span> 
     </span>
     <span class='ocr_line' id='line_1_5' title="bbox 574 1364 3221 1505; baseline -0.004 -22"><span class='ocrx_word' id='word_1_32' title='bbox 574 1408 849 1505; x_wconf 91' lang='lat' dir='ltr'>posita,</span> <span class='ocrx_word' id='word_1_33' title='bbox 890 1406 1104 1482; x_wconf 88' lang='lat' dir='ltr'>cuius</span> <span class='ocrx_word' id='word_1_34' title='bbox 1159 1407 1550 1502; x_wconf 90' lang='lat' dir='ltr'>episcopus</span> <span class='ocrx_word' id='word_1_35' title='bbox 1605 1427 1686 1481; x_wconf 88' lang='lat' dir='ltr'>se</span> <span class='ocrx_word' id='word_1_36' title='bbox 1740 1402 1911 1501; x_wconf 93' lang='lat' dir='ltr'>piae</span> <span class='ocrx_word' id='word_1_37' title='bbox 1967 1399 2272 1477; x_wconf 89' lang='lat' dir='ltr'>mulieri</span> <span class='ocrx_word' id='word_1_38' title='bbox 2328 1398 2685 1475; x_wconf 90' lang='lat' dir='ltr'>comitem</span> <span class='ocrx_word' id='word_1_39' title='bbox 2740 1364 3221 1473; x_wconf 72' lang='lat' dir='ltr'>adiunxerat.</span> 
     </span>
    </p>

    <p class='ocr_par' dir='ltr' id='par_1_3' title="bbox 569 1528 3435 3079">
     <span class='ocr_line' id='line_1_6' title="bbox 734 1528 3435 1655; baseline -0.002 -33"><span class='ocrx_word' id='word_1_40' title='bbox 734 1547 1071 1646; x_wconf 88' lang='lat' dir='ltr'>Septimo</span> <span class='ocrx_word' id='word_1_41' title='bbox 1109 1547 1370 1655; x_wconf 79' lang='lat' dir='ltr'>itineri</span> <span class='ocrx_word' id='word_1_42' title='bbox 1406 1569 1485 1621; x_wconf 92' lang='lat' dir='ltr'>se</span> <span class='ocrx_word' id='word_1_43' title='bbox 1525 1544 1905 1621; x_wconf 90' lang='lat' dir='ltr'>commisit</span> <span class='ocrx_word' id='word_1_44' title='bbox 1941 1544 2039 1618; x_wconf 92' lang='lat' dir='ltr'>ad</span> <span class='ocrx_word' id='word_1_45' title='bbox 2078 1540 2479 1618; x_wconf 88' lang='lat' dir='ltr'>colendum</span> <span class='ocrx_word' id='word_1_46' title='bbox 2517 1528 2946 1637; x_wconf 66' lang='lat' dir='ltr'>sepulbrum</span> <span class='ocrx_word' id='word_1_47' title='bbox 2982 1539 3118 1614; x_wconf 95' lang='lat' dir='ltr'>Iob</span> <span class='ocrx_word' id='word_1_48' title='bbox 3144 1531 3191 1632; x_wconf 85' lang='lat'>¹,</span> <span class='ocrx_word' id='word_1_49' title='bbox 3231 1541 3435 1637; x_wconf 88' lang='lat' dir='ltr'>quod</span> 
     </span>
     <span class='ocr_line' id='line_1_7' title="bbox 572 1676 3430 1781; baseline -0.002 -16"><span class='ocrx_word' id='word_1_50' title='bbox 572 1693 653 1765; x_wconf 92' lang='lat' dir='ltr'>in</span> <span class='ocrx_word' id='word_1_51' title='bbox 706 1691 874 1768; x_wconf 85' lang='lat' dir='ltr'>vico</span> <span class='ocrx_word' id='word_1_52' title='bbox 931 1691 1286 1767; x_wconf 85' lang='lat' dir='ltr'>Carnaim</span> <span class='ocrx_word' id='word_1_53' title='bbox 1340 1676 1722 1766; x_wconf 85' lang='lat' dir='ltr'>extremae</span> <span class='ocrx_word' id='word_1_54' title='bbox 1777 1689 2215 1763; x_wconf 90' lang='lat' dir='ltr'>Batanaeae</span> <span class='ocrx_word' id='word_1_55' title='bbox 2289 1707 2452 1761; x_wconf 88' lang='lat' dir='ltr'>esse</span> <span class='ocrx_word' id='word_1_56' title='bbox 2525 1685 2972 1781; x_wconf 90' lang='lat' dir='ltr'>putabatur.</span> <span class='ocrx_word' id='word_1_57' title='bbox 3027 1684 3430 1773; x_wconf 75' lang='lat' dir='ltr'>Iordanem</span> 
     </span>
     <span class='ocr_line' id='line_1_8' title="bbox 571 1826 3428 1931; baseline -0.003 -22"><span class='ocrx_word' id='word_1_58' title='bbox 571 1856 743 1909; x_wconf 88' lang='lat' dir='ltr'>cum</span> <span class='ocrx_word' id='word_1_59' title='bbox 799 1834 1257 1925; x_wconf 88' lang='lat' dir='ltr'>advenisset,</span> <span class='ocrx_word' id='word_1_60' title='bbox 1314 1836 1624 1931; x_wconf 89' lang='lat' dir='ltr'>propter</span> <span class='ocrx_word' id='word_1_61' title='bbox 1697 1832 1986 1906; x_wconf 90' lang='lat' dir='ltr'>flumen</span> <span class='ocrx_word' id='word_1_62' title='bbox 2048 1830 2451 1926; x_wconf 90' lang='lat' dir='ltr'>aliquanto</span> <span class='ocrx_word' id='word_1_63' title='bbox 2507 1826 3063 1916; x_wconf 78' lang='lat' dir='ltr'>ambulaverat,</span> <span class='ocrx_word' id='word_1_64' title='bbox 3121 1848 3292 1901; x_wconf 86' lang='lat' dir='ltr'>cum</span> <span class='ocrx_word' id='word_1_65' title='bbox 3350 1827 3428 1900; x_wconf 94' lang='lat' dir='ltr'>in</span> 
     </span>
     <span class='ocr_line' id='line_1_9' title="bbox 572 1970 3433 2074; baseline -0.003 -21"><span class='ocrx_word' id='word_1_66' title='bbox 572 1978 918 2054; x_wconf 86' lang='lat' dir='ltr'>colliculo</span> <span class='ocrx_word' id='word_1_67' title='bbox 976 1977 1230 2053; x_wconf 84' lang='lat' dir='ltr'>Salem</span> <span class='ocrx_word' id='word_1_68' title='bbox 1283 1979 1538 2054; x_wconf 85' lang='lat' dir='ltr'>vicum</span> <span class='ocrx_word' id='word_1_69' title='bbox 1593 1974 2005 2074; x_wconf 82' lang='lat' dir='ltr'>prospexit,</span> <span class='ocrx_word' id='word_1_70' title='bbox 2064 1973 2196 2071; x_wconf 82' lang='lat' dir='ltr'>qui</span> <span class='ocrx_word' id='word_1_71' title='bbox 2249 1972 2438 2047; x_wconf 90' lang='lat' dir='ltr'>olim</span> <span class='ocrx_word' id='word_1_72' title='bbox 2475 1970 2626 2045; x_wconf 88' lang='lat' dir='ltr'>fuit</span> <span class='ocrx_word' id='word_1_73' title='bbox 2663 1971 2933 2047; x_wconf 86' lang='lat' dir='ltr'>civitas</span> <span class='ocrx_word' id='word_1_74' title='bbox 2971 1993 3210 2067; x_wconf 87' lang='lat' dir='ltr'>parva</span> <span class='ocrx_word' id='word_1_75' title='bbox 3246 1970 3433 2045; x_wconf 88' lang='lat' dir='ltr'>Mel-</span> 
     </span>
     <span class='ocr_line' id='line_1_10' title="bbox 570 2107 3427 2218; baseline -0.002 -22"><span class='ocrx_word' id='word_1_76' title='bbox 570 2107 984 2197; x_wconf 80' lang='lat' dir='ltr'>chisedech.</span> <span class='ocrx_word' id='word_1_77' title='bbox 1042 2120 1218 2196; x_wconf 88' lang='lat' dir='ltr'>Non</span> <span class='ocrx_word' id='word_1_78' title='bbox 1272 2123 1496 2218; x_wconf 85' lang='lat' dir='ltr'>longe</span> <span class='ocrx_word' id='word_1_79' title='bbox 1554 2122 1725 2197; x_wconf 90' lang='lat' dir='ltr'>erat</span> <span class='ocrx_word' id='word_1_80' title='bbox 1778 2120 1947 2194; x_wconf 88' lang='lat' dir='ltr'>fons</span> <span class='ocrx_word' id='word_1_81' title='bbox 2001 2118 2242 2209; x_wconf 88' lang='lat' dir='ltr'>Enon,</span> <span class='ocrx_word' id='word_1_82' title='bbox 2299 2118 2380 2191; x_wconf 92' lang='lat' dir='ltr'>in</span> <span class='ocrx_word' id='word_1_83' title='bbox 2419 2137 2569 2213; x_wconf 91' lang='lat' dir='ltr'>quo</span> <span class='ocrx_word' id='word_1_84' title='bbox 2607 2112 3033 2212; x_wconf 85' lang='lat' dir='ltr'>baptizavit</span> <span class='ocrx_word' id='word_1_85' title='bbox 3078 2115 3427 2191; x_wconf 88' lang='lat' dir='ltr'>Ioannes.</span> 
     </span>
     <span class='ocr_line' id='line_1_11' title="bbox 570 2257 3433 2362; baseline -0.002 -25"><span class='ocrx_word' id='word_1_86' title='bbox 570 2264 729 2360; x_wconf 86' lang='lat' dir='ltr'>Ego</span> <span class='ocrx_word' id='word_1_87' title='bbox 783 2286 967 2340; x_wconf 84' lang='lat' dir='ltr'>vero</span> <span class='ocrx_word' id='word_1_88' title='bbox 1023 2287 1294 2362; x_wconf 86' lang='lat' dir='ltr'>anceps</span> <span class='ocrx_word' id='word_1_89' title='bbox 1349 2288 1520 2339; x_wconf 91' lang='lat' dir='ltr'>sum</span> <span class='ocrx_word' id='word_1_90' title='bbox 1560 2266 1823 2338; x_wconf 90' lang='lat' dir='ltr'>utrum</span> <span class='ocrx_word' id='word_1_91' title='bbox 1860 2263 1941 2335; x_wconf 92' lang='lat' dir='ltr'>in</span> <span class='ocrx_word' id='word_1_92' title='bbox 1979 2260 2249 2336; x_wconf 83' lang='lat' dir='ltr'>dextra</span> <span class='ocrx_word' id='word_1_93' title='bbox 2285 2258 2633 2334; x_wconf 90' lang='lat' dir='ltr'>Iordanis</span> <span class='ocrx_word' id='word_1_94' title='bbox 2672 2261 2916 2354; x_wconf 85' lang='lat' dir='ltr'>parte,</span> <span class='ocrx_word' id='word_1_95' title='bbox 2956 2281 3055 2332; x_wconf 91' lang='lat' dir='ltr'>an</span> <span class='ocrx_word' id='word_1_96' title='bbox 3093 2257 3174 2331; x_wconf 92' lang='lat' dir='ltr'>in</span> <span class='ocrx_word' id='word_1_97' title='bbox 3212 2258 3433 2333; x_wconf 84' lang='lat' dir='ltr'>laeva</span> 
     </span>
     <span class='ocr_line' id='line_1_12' title="bbox 569 2403 3429 2502; baseline -0.002 -21"><span class='ocrx_word' id='word_1_98' title='bbox 569 2407 673 2482; x_wconf 89' lang='lat' dir='ltr'>sit</span> <span class='ocrx_word' id='word_1_99' title='bbox 725 2411 809 2482; x_wconf 91' lang='lat' dir='ltr'>et</span> <span class='ocrx_word' id='word_1_100' title='bbox 861 2408 1032 2483; x_wconf 90' lang='lat' dir='ltr'>fons</span> <span class='ocrx_word' id='word_1_101' title='bbox 1086 2408 1328 2502; x_wconf 91' lang='lat' dir='ltr'>Enon,</span> <span class='ocrx_word' id='word_1_102' title='bbox 1367 2411 1449 2484; x_wconf 96' lang='lat' dir='ltr'>et</span> <span class='ocrx_word' id='word_1_103' title='bbox 1504 2407 1780 2499; x_wconf 87' lang='lat' dir='ltr'>Salem,</span> <span class='ocrx_word' id='word_1_104' title='bbox 1817 2404 2303 2502; x_wconf 90' lang='lat' dir='ltr'>fluminisque</span> <span class='ocrx_word' id='word_1_105' title='bbox 2342 2403 2619 2478; x_wconf 87' lang='lat' dir='ltr'>Corrae</span> <span class='ocrx_word' id='word_1_106' title='bbox 2673 2403 2922 2493; x_wconf 77' lang='lat' dir='ltr'>valliS,</span> <span class='ocrx_word' id='word_1_107' title='bbox 2962 2420 3192 2497; x_wconf 85' lang='lat' dir='ltr'>quam</span> <span class='ocrx_word' id='word_1_108' title='bbox 3230 2423 3429 2476; x_wconf 88' lang='lat' dir='ltr'>com·</span> 
     </span>
     <span class='ocr_line' id='line_1_13' title="bbox 572 2540 3426 2648; baseline -0.002 -22"><span class='ocrx_word' id='word_1_109' title='bbox 572 2554 972 2643; x_wconf 92' lang='lat' dir='ltr'>memorat,</span> <span class='ocrx_word' id='word_1_110' title='bbox 1028 2540 1468 2627; x_wconf 87' lang='lat' dir='ltr'>statuenda.</span> <span class='ocrx_word' id='word_1_111' title='bbox 1511 2551 1590 2627; x_wconf 85' lang='lat' dir='ltr'>Si</span> <span class='ocrx_word' id='word_1_112' title='bbox 1642 2553 1942 2628; x_wconf 88' lang='lat' dir='ltr'>laevam</span> <span class='ocrx_word' id='word_1_113' title='bbox 1998 2550 2217 2648; x_wconf 84' lang='lat' dir='ltr'>elegi,</span> <span class='ocrx_word' id='word_1_114' title='bbox 2274 2554 2357 2627; x_wconf 90' lang='lat' dir='ltr'>et</span> <span class='ocrx_word' id='word_1_115' title='bbox 2410 2549 2785 2647; x_wconf 89' lang='lat' dir='ltr'>quaedam</span> <span class='ocrx_word' id='word_1_116' title='bbox 2839 2549 2938 2623; x_wconf 91' lang='lat' dir='ltr'>ad</span> <span class='ocrx_word' id='word_1_117' title='bbox 2991 2570 3153 2624; x_wconf 90' lang='lat' dir='ltr'>rem</span> <span class='ocrx_word' id='word_1_118' title='bbox 3203 2569 3426 2644; x_wconf 85' lang='lat' dir='ltr'>argu·</span> 
     </span>
     <span class='ocr_line' id='line_1_14' title="bbox 571 2689 3426 2790; baseline -0.001 -24"><span class='ocrx_word' id='word_1_119' title='bbox 571 2696 833 2770; x_wconf 89' lang='lat' dir='ltr'>menta</span> <span class='ocrx_word' id='word_1_120' title='bbox 885 2694 1197 2790; x_wconf 93' lang='lat' dir='ltr'>protuli,</span> <span class='ocrx_word' id='word_1_121' title='bbox 1254 2697 1517 2769; x_wconf 88' lang='lat' dir='ltr'>tamen</span> <span class='ocrx_word' id='word_1_122' title='bbox 1571 2694 1765 2768; x_wconf 89' lang='lat' dir='ltr'>nihil</span> <span class='ocrx_word' id='word_1_123' title='bbox 1819 2693 2226 2771; x_wconf 90' lang='lat' dir='ltr'>adfirmare</span> <span class='ocrx_word' id='word_1_124' title='bbox 2279 2694 2553 2769; x_wconf 89' lang='lat' dir='ltr'>ausim.</span> <span class='ocrx_word' id='word_1_125' title='bbox 2609 2692 2731 2767; x_wconf 88' lang='lat' dir='ltr'>Ad</span> <span class='ocrx_word' id='word_1_126' title='bbox 2786 2691 3216 2789; x_wconf 86' lang='lat' dir='ltr'>sepulcrum</span> <span class='ocrx_word' id='word_1_127' title='bbox 3290 2689 3426 2764; x_wconf 95' lang='lat' dir='ltr'>Iob</span> 
     </span>
     <span class='ocr_line' id='line_1_15' title="bbox 570 2824 3426 2934; baseline -0.001 -26"><span class='ocrx_word' id='word_1_128' title='bbox 570 2835 998 2911; x_wconf 83' lang='lat' dir='ltr'>fabulosam</span> <span class='ocrx_word' id='word_1_129' title='bbox 1073 2837 1404 2934; x_wconf 90' lang='lat' dir='ltr'>corporis</span> <span class='ocrx_word' id='word_1_130' title='bbox 1477 2836 2000 2913; x_wconf 74' lang='lat' dir='ltr'>inventionem</span> <span class='ocrx_word' id='word_1_131' title='bbox 2074 2837 2170 2911; x_wconf 89' lang='lat' dir='ltr'>ab</span> <span class='ocrx_word' id='word_1_132' title='bbox 2244 2824 2591 2934; x_wconf 90' lang='lat' dir='ltr'>episcopo</span> <span class='ocrx_word' id='word_1_133' title='bbox 2673 2834 3025 2910; x_wconf 86' lang='lat' dir='ltr'>Carnaim</span> <span class='ocrx_word' id='word_1_134' title='bbox 3103 2833 3426 2923; x_wconf 88' lang='lat' dir='ltr'>audivit,</span> 
     </span>
     <span class='ocr_line' id='line_1_16' title="bbox 569 2980 2832 3079; baseline -0 -23"><span class='ocrx_word' id='word_1_135' title='bbox 569 2981 783 3056; x_wconf 87' lang='lat' dir='ltr'>cuius</span> <span class='ocrx_word' id='word_1_136' title='bbox 840 3003 884 3057; x_wconf 96' lang='lat' dir='ltr'>e</span> <span class='ocrx_word' id='word_1_137' title='bbox 937 2982 1290 3056; x_wconf 89' lang='lat' dir='ltr'>manibus</span> <span class='ocrx_word' id='word_1_138' title='bbox 1343 2980 1581 3056; x_wconf 90' lang='lat' dir='ltr'>etiam</span> <span class='ocrx_word' id='word_1_139' title='bbox 1635 2980 1898 3057; x_wconf 86' lang='lat' dir='ltr'>divina</span> <span class='ocrx_word' id='word_1_140' title='bbox 1950 2981 2281 3079; x_wconf 74' lang='lat' dir='ltr'>suscepit</span> <span class='ocrx_word' id='word_1_141' title='bbox 2334 2983 2832 3056; x_wconf 87' lang='lat' dir='ltr'>sacramenta.</span> 
     </span>
    </p>

    <p class='ocr_par' dir='ltr' id='par_1_4' title="bbox 567 3122 3427 4958">
     <span class='ocr_line' id='line_1_17' title="bbox 729 3122 3427 3239; baseline -0.001 -39"><span class='ocrx_word' id='word_1_142' title='bbox 729 3126 1001 3202; x_wconf 86' lang='lat' dir='ltr'>Tribus</span> <span class='ocrx_word' id='word_1_143' title='bbox 1055 3127 1275 3202; x_wconf 91' lang='lat' dir='ltr'>annis</span> <span class='ocrx_word' id='word_1_144' title='bbox 1309 3127 1631 3224; x_wconf 85' lang='lat' dir='ltr'>expletis</span> <span class='ocrx_word' id='word_1_145' title='bbox 1667 3127 2298 3224; x_wconf 76' lang='lat' dir='ltr'>peregrinationis</span> <span class='ocrx_word' id='word_1_146' title='bbox 2357 3149 2564 3218; x_wconf 92' lang='lat' dir='ltr'>suae,</span> <span class='ocrx_word' id='word_1_147' title='bbox 2625 3125 2804 3203; x_wconf 87' lang='lat' dir='ltr'>visis</span> <span class='ocrx_word' id='word_1_148' title='bbox 2857 3125 3210 3215; x_wconf 87' lang='lat' dir='ltr'>omnibus</span> <span class='ocrx_word' id='word_1_149' title='bbox 3243 3122 3427 3239; x_wconf 75' lang='lat' dir='ltr'>locis</span> 
     </span>
     <span class='ocr_line' id='line_1_18' title="bbox 569 3270 3427 3372; baseline -0.001 -25"><span class='ocrx_word' id='word_1_150' title='bbox 569 3273 873 3366; x_wconf 76' lang='lat' dir='ltr'>sanctie,</span> <span class='ocrx_word' id='word_1_151' title='bbox 929 3294 1094 3349; x_wconf 89' lang='lat' dir='ltr'>eam</span> <span class='ocrx_word' id='word_1_152' title='bbox 1154 3271 1609 3367; x_wconf 82' lang='lat' dir='ltr'>desiderium</span> <span class='ocrx_word' id='word_1_153' title='bbox 1663 3271 1961 3369; x_wconf 88' lang='lat' dir='ltr'>patriae</span> <span class='ocrx_word' id='word_1_154' title='bbox 2016 3271 2407 3349; x_wconf 85' lang='lat' dir='ltr'>sollicitat.</span> <span class='ocrx_word' id='word_1_155' title='bbox 2464 3271 3074 3372; x_wconf 78' lang='lat' dir='ltr'>Hierosolymam</span> <span class='ocrx_word' id='word_1_156' title='bbox 3119 3270 3427 3368; x_wconf 90' lang='lat' dir='ltr'>linquit,</span> 
     </span>
     <span class='ocr_line' id='line_1_19' title="bbox 568 3415 3427 3514; baseline 0.001 -24"><span class='ocrx_word' id='word_1_157' title='bbox 568 3415 702 3492; x_wconf 92' lang='lat' dir='ltr'>sed</span> <span class='ocrx_word' id='word_1_158' title='bbox 756 3418 906 3491; x_wconf 90' lang='lat' dir='ltr'>iter</span> <span class='ocrx_word' id='word_1_159' title='bbox 959 3417 1040 3491; x_wconf 92' lang='lat' dir='ltr'>in</span> <span class='ocrx_word' id='word_1_160' title='bbox 1092 3417 1743 3514; x_wconf 72' lang='lat' dir='ltr'>Mesopotamiam,</span> <span class='ocrx_word' id='word_1_161' title='bbox 1800 3417 1898 3491; x_wconf 92' lang='lat' dir='ltr'>ad</span> <span class='ocrx_word' id='word_1_162' title='bbox 1978 3417 2385 3492; x_wconf 90' lang='lat' dir='ltr'>monachos</span> <span class='ocrx_word' id='word_1_163' title='bbox 2460 3421 2761 3493; x_wconf 87' lang='lat' dir='ltr'>sanctos</span> <span class='ocrx_word' id='word_1_164' title='bbox 2817 3422 2899 3493; x_wconf 91' lang='lat' dir='ltr'>et</span> <span class='ocrx_word' id='word_1_165' title='bbox 2963 3440 3022 3494; x_wconf 90' lang='lat' dir='ltr'>s.</span> <span class='ocrx_word' id='word_1_166' title='bbox 3092 3419 3427 3492; x_wconf 85' lang='lat' dir='ltr'>Thomae</span> 
     </span>
     <span class='ocr_line' id='line_1_20' title="bbox 570 3552 3425 3660; baseline 0.001 -26"><span class='ocrx_word' id='word_1_167' title='bbox 570 3560 897 3657; x_wconf 87' lang='lat' dir='ltr'>apostoli</span> <span class='ocrx_word' id='word_1_168' title='bbox 924 3560 1383 3658; x_wconf 78' lang='lat' dir='ltr'>martyrium</span> <span class='ocrx_word' id='word_1_169' title='bbox 1420 3560 1925 3652; x_wconf 82' lang='lat' dir='ltr'>invisendum,</span> <span class='ocrx_word' id='word_1_170' title='bbox 1966 3560 2190 3636; x_wconf 86' lang='lat' dir='ltr'>corde</span> <span class='ocrx_word' id='word_1_171' title='bbox 2227 3561 2650 3637; x_wconf 88' lang='lat' dir='ltr'>meditatur</span> <span class='ocrx_word' id='word_1_172' title='bbox 2667 3552 2715 3637; x_wconf 82' lang='lat'>².</span> <span class='ocrx_word' id='word_1_173' title='bbox 2757 3563 2906 3637; x_wconf 90' lang='lat' dir='ltr'>Ubi</span> <span class='ocrx_word' id='word_1_174' title='bbox 2941 3585 3119 3660; x_wconf 86' lang='lat' dir='ltr'>ergo</span> <span class='ocrx_word' id='word_1_175' title='bbox 3158 3562 3425 3638; x_wconf 88' lang='lat' dir='ltr'>Antio-</span> 
     </span>
     <span class='ocr_line' id='line_1_21' title="bbox 569 3703 3422 3810; baseline 0.001 -31"><span class='ocrx_word' id='word_1_176' title='bbox 569 3704 819 3779; x_wconf 89' lang='lat' dir='ltr'>chiam</span> <span class='ocrx_word' id='word_1_177' title='bbox 874 3703 1212 3796; x_wconf 91' lang='lat' dir='ltr'>accessit,</span> <span class='ocrx_word' id='word_1_178' title='bbox 1267 3704 1536 3801; x_wconf 90' lang='lat' dir='ltr'>pedem</span> <span class='ocrx_word' id='word_1_179' title='bbox 1567 3704 1826 3810; x_wconf 27' lang='lat' dir='ltr'>‚vertit</span> <span class='ocrx_word' id='word_1_180' title='bbox 1879 3704 1977 3778; x_wconf 91' lang='lat' dir='ltr'>ad</span> <span class='ocrx_word' id='word_1_181' title='bbox 2032 3704 2305 3781; x_wconf 87' lang='lat' dir='ltr'>Coelen</span> <span class='ocrx_word' id='word_1_182' title='bbox 2361 3704 2685 3803; x_wconf 86' lang='lat' dir='ltr'>Syriam,</span> <span class='ocrx_word' id='word_1_183' title='bbox 2733 3706 2910 3782; x_wconf 92' lang='lat' dir='ltr'>inde</span> <span class='ocrx_word' id='word_1_184' title='bbox 2945 3706 3044 3781; x_wconf 91' lang='lat' dir='ltr'>ad</span> <span class='ocrx_word' id='word_1_185' title='bbox 3079 3707 3422 3803; x_wconf 88' lang='lat' dir='ltr'>Euphra·</span> 
     </span>
     <span class='ocr_line' id='line_1_22' title="bbox 568 3847 3422 3947; baseline 0.001 -24"><span class='ocrx_word' id='word_1_186' title='bbox 568 3851 863 3923; x_wconf 89' lang='lat' dir='ltr'>tensem</span> <span class='ocrx_word' id='word_1_187' title='bbox 917 3847 1409 3943; x_wconf 85' lang='lat' dir='ltr'>provinciam,</span> <span class='ocrx_word' id='word_1_188' title='bbox 1466 3847 1681 3923; x_wconf 88' lang='lat' dir='ltr'>cuius</span> <span class='ocrx_word' id='word_1_189' title='bbox 1735 3849 2200 3944; x_wconf 87' lang='lat' dir='ltr'>metropolis,</span> <span class='ocrx_word' id='word_1_190' title='bbox 2259 3873 2491 3946; x_wconf 91' lang='lat' dir='ltr'>quam</span> <span class='ocrx_word' id='word_1_191' title='bbox 2543 3850 2764 3942; x_wconf 85' lang='lat' dir='ltr'>vidit,</span> <span class='ocrx_word' id='word_1_192' title='bbox 2821 3852 2973 3925; x_wconf 89' lang='lat' dir='ltr'>fuit</span> <span class='ocrx_word' id='word_1_193' title='bbox 3025 3851 3422 3947; x_wconf 87' lang='lat' dir='ltr'>Ierapolis:</span> 
     </span>
     <span class='ocr_line' id='line_1_23' title="bbox 568 3989 3422 4092; baseline 0.003 -29"><span class='ocrx_word' id='word_1_194' title='bbox 568 4013 616 4063; x_wconf 93' lang='lat' dir='ltr'>a</span> <span class='ocrx_word' id='word_1_195' title='bbox 669 4012 824 4086; x_wconf 90' lang='lat' dir='ltr'>qua</span> <span class='ocrx_word' id='word_1_196' title='bbox 879 3989 1307 4087; x_wconf 90' lang='lat' dir='ltr'>quindecim</span> <span class='ocrx_word' id='word_1_197' title='bbox 1379 3991 1716 4066; x_wconf 86' lang='lat' dir='ltr'>millibus</span> <span class='ocrx_word' id='word_1_198' title='bbox 1789 4015 2151 4092; x_wconf 75' lang='lat' dir='ltr'>passuum</span> <span class='ocrx_word' id='word_1_199' title='bbox 2224 3993 2565 4069; x_wconf 88' lang='lat' dir='ltr'>distabat</span> <span class='ocrx_word' id='word_1_200' title='bbox 2616 3993 2900 4070; x_wconf 91' lang='lat' dir='ltr'>flumen</span> <span class='ocrx_word' id='word_1_201' title='bbox 2971 3994 3422 4091; x_wconf 89' lang='lat' dir='ltr'>Euphrates.</span> 
     </span>
     <span class='ocr_line' id='line_1_24' title="bbox 570 4104 3424 4234; baseline 0.002 -27"><span class='ocrx_word' id='word_1_202' title='bbox 570 4133 734 4220; x_wconf 83' lang='lat' dir='ltr'>Quo</span> <span class='ocrx_word' id='word_1_203' title='bbox 788 4104 1113 4208; x_wconf 84' lang='lat' dir='ltr'>navibus</span> <span class='ocrx_word' id='word_1_204' title='bbox 1168 4136 1724 4232; x_wconf 79' lang='lat' dir='ltr'>praetergresso</span> <span class='ocrx_word' id='word_1_205' title='bbox 1762 4135 2108 4211; x_wconf 90' lang='lat' dir='ltr'>Bathnas</span> <span class='ocrx_word' id='word_1_206' title='bbox 2146 4135 2573 4212; x_wconf 86' lang='lat' dir='ltr'>Osdroenae</span> <span class='ocrx_word' id='word_1_207' title='bbox 2609 4138 2981 4234; x_wconf 86' lang='lat' dir='ltr'>pervenit,</span> <span class='ocrx_word' id='word_1_208' title='bbox 3019 4138 3233 4213; x_wconf 90' lang='lat' dir='ltr'>cuius</span> <span class='ocrx_word' id='word_1_209' title='bbox 3269 4140 3424 4234; x_wconf 90' lang='lat' dir='ltr'>epi-</span> 
     </span>
     <span class='ocr_line' id='line_1_25' title="bbox 569 4276 3422 4377; baseline 0.003 -25"><span class='ocrx_word' id='word_1_210' title='bbox 569 4299 795 4373; x_wconf 89' lang='lat' dir='ltr'>sopus</span> <span class='ocrx_word' id='word_1_211' title='bbox 830 4276 986 4351; x_wconf 89' lang='lat' dir='ltr'>fuit</span> <span class='ocrx_word' id='word_1_212' title='bbox 1029 4279 1444 4352; x_wconf 88' lang='lat' dir='ltr'>monachus</span> <span class='ocrx_word' id='word_1_213' title='bbox 1481 4280 1563 4353; x_wconf 96' lang='lat' dir='ltr'>et</span> <span class='ocrx_word' id='word_1_214' title='bbox 1597 4278 2001 4372; x_wconf 88' lang='lat' dir='ltr'>confessor,</span> <span class='ocrx_word' id='word_1_215' title='bbox 2041 4283 2307 4377; x_wconf 91' lang='lat' dir='ltr'>postea</span> <span class='ocrx_word' id='word_1_216' title='bbox 2345 4280 2669 4358; x_wconf 92' lang='lat' dir='ltr'>Edessae</span> <span class='ocrx_word' id='word_1_217' title='bbox 2705 4281 2961 4357; x_wconf 88' lang='lat' dir='ltr'>triduo</span> <span class='ocrx_word' id='word_1_218' title='bbox 2998 4283 3346 4359; x_wconf 91' lang='lat' dir='ltr'>subsistit</span> <span class='ocrx_word' id='word_1_219' title='bbox 3372 4276 3422 4360; x_wconf 80' lang='lat'>³.</span> 
     </span>
     <span class='ocr_line' id='line_1_26' title="bbox 567 4419 3424 4521; baseline 0.002 -26"><span class='ocrx_word' id='word_1_220' title='bbox 567 4419 687 4495; x_wconf 92' lang='lat' dir='ltr'>Ibi</span> <span class='ocrx_word' id='word_1_221' title='bbox 737 4420 962 4495; x_wconf 78' lang='lat' dir='ltr'>factis</span> <span class='ocrx_word' id='word_1_222' title='bbox 1008 4421 1480 4498; x_wconf 90' lang='lat' dir='ltr'>orationibus</span> <span class='ocrx_word' id='word_1_223' title='bbox 1534 4422 1614 4496; x_wconf 92' lang='lat' dir='ltr'>in</span> <span class='ocrx_word' id='word_1_224' title='bbox 1668 4444 1872 4499; x_wconf 86' lang='lat' dir='ltr'>nova</span> <span class='ocrx_word' id='word_1_225' title='bbox 1925 4426 2007 4499; x_wconf 97' lang='lat' dir='ltr'>et</span> <span class='ocrx_word' id='word_1_226' title='bbox 2057 4425 2570 4521; x_wconf 89' lang='lat' dir='ltr'>pulcherrima</span> <span class='ocrx_word' id='word_1_227' title='bbox 2604 4426 2918 4502; x_wconf 89' lang='lat' dir='ltr'>ecclesia</span> <span class='ocrx_word' id='word_1_228' title='bbox 2956 4429 3038 4504; x_wconf 86' lang='lat' dir='ltr'>et</span> <span class='ocrx_word' id='word_1_229' title='bbox 3073 4428 3172 4502; x_wconf 91' lang='lat' dir='ltr'>ad</span> <span class='ocrx_word' id='word_1_230' title='bbox 3225 4452 3424 4503; x_wconf 89' lang='lat' dir='ltr'>mar-</span> 
     </span>
     <span class='ocr_line' id='line_1_27' title="bbox 569 4562 3425 4663; baseline 0.003 -26"><span class='ocrx_word' id='word_1_231' title='bbox 569 4563 861 4660; x_wconf 83' lang='lat' dir='ltr'>tyrium</span> <span class='ocrx_word' id='word_1_232' title='bbox 914 4585 971 4638; x_wconf 90' lang='lat' dir='ltr'>s.</span> <span class='ocrx_word' id='word_1_233' title='bbox 1031 4562 1389 4656; x_wconf 87' lang='lat' dir='ltr'>Thomae,</span> <span class='ocrx_word' id='word_1_234' title='bbox 1447 4587 1617 4641; x_wconf 92' lang='lat' dir='ltr'>eam</span> <span class='ocrx_word' id='word_1_235' title='bbox 1671 4565 2058 4663; x_wconf 87' lang='lat' dir='ltr'>episcopus</span> <span class='ocrx_word' id='word_1_236' title='bbox 2132 4568 2371 4644; x_wconf 94' lang='lat' dir='ltr'>etiam</span> <span class='ocrx_word' id='word_1_237' title='bbox 2438 4567 2820 4646; x_wconf 86' lang='lat' dir='ltr'>confessor</span> <span class='ocrx_word' id='word_1_238' title='bbox 2871 4570 3046 4647; x_wconf 91' lang='lat' dir='ltr'>fidei</span> <span class='ocrx_word' id='word_1_239' title='bbox 3099 4571 3425 4648; x_wconf 89' lang='lat' dir='ltr'>libenter</span> 
     </span>
     <span class='ocr_line' id='line_1_28' title="bbox 571 4705 3421 4811; baseline 0.004 -32"><span class='ocrx_word' id='word_1_240' title='bbox 571 4705 794 4780; x_wconf 85' lang='lat' dir='ltr'>duxit</span> <span class='ocrx_word' id='word_1_241' title='bbox 847 4706 944 4781; x_wconf 88' lang='lat' dir='ltr'>ad</span> <span class='ocrx_word' id='word_1_242' title='bbox 997 4706 1325 4784; x_wconf 85' lang='lat' dir='ltr'>videnda</span> <span class='ocrx_word' id='word_1_243' title='bbox 1377 4708 1667 4804; x_wconf 85' lang='lat' dir='ltr'>palatia</span> <span class='ocrx_word' id='word_1_244' title='bbox 1722 4712 1802 4786; x_wconf 98' lang='lat' dir='ltr'>et</span> <span class='ocrx_word' id='word_1_245' title='bbox 1854 4710 2105 4787; x_wconf 83' lang='lat' dir='ltr'>fontes</span> <span class='ocrx_word' id='word_1_246' title='bbox 2162 4715 2243 4788; x_wconf 90' lang='lat' dir='ltr'>et</span> <span class='ocrx_word' id='word_1_247' title='bbox 2296 4717 2795 4790; x_wconf 90' lang='lat' dir='ltr'>monumenta</span> <span class='ocrx_word' id='word_1_248' title='bbox 2847 4713 3134 4810; x_wconf 85' lang='lat' dir='ltr'>Abgari</span> <span class='ocrx_word' id='word_1_249' title='bbox 3198 4717 3421 4811; x_wconf 85' lang='lat' dir='ltr'>regis,</span> 
     </span>
     <span class='ocr_line' id='line_1_29' title="bbox 571 4849 3421 4958; baseline 0.005 -34"><span class='ocrx_word' id='word_1_250' title='bbox 571 4849 884 4945; x_wconf 90' lang='lat' dir='ltr'>eiusque</span> <span class='ocrx_word' id='word_1_251' title='bbox 936 4849 1300 4926; x_wconf 89' lang='lat' dir='ltr'>familiae:</span> <span class='ocrx_word' id='word_1_252' title='bbox 1359 4850 1632 4927; x_wconf 94' lang='lat' dir='ltr'>deinde</span> <span class='ocrx_word' id='word_1_253' title='bbox 1688 4852 2189 4949; x_wconf 88' lang='lat' dir='ltr'>cupidissimis</span> <span class='ocrx_word' id='word_1_254' title='bbox 2243 4855 2450 4931; x_wconf 92' lang='lat' dir='ltr'>illius</span> <span class='ocrx_word' id='word_1_255' title='bbox 2504 4857 2742 4932; x_wconf 87' lang='lat' dir='ltr'>oculis</span> <span class='ocrx_word' id='word_1_256' title='bbox 2814 4859 3119 4935; x_wconf 90' lang='lat' dir='ltr'>subiicit</span> <span class='ocrx_word' id='word_1_257' title='bbox 3171 4883 3421 4958; x_wconf 87' lang='lat' dir='ltr'>perce·</span> 
     </span>
    </p>
   </div>
   <div class='ocr_carea' id='block_1_3' title="bbox 731 5196 1379 5280">
    <p class='ocr_par' dir='ltr' id='par_1_5' title="bbox 731 5196 1379 5280">
     <span class='ocr_line' id='line_1_30' title="bbox 731 5196 1379 5280; baseline 0.005 -20"><span class='ocrx_word' id='word_1_258' title='bbox 731 5197 753 5234; x_wconf 85' lang='lat'>¹</span> <span class='ocrx_word' id='word_1_259' title='bbox 780 5196 1036 5279; x_wconf 75' lang='lat' dir='ltr'>Pei-egr.</span> <span class='ocrx_word' id='word_1_260' title='bbox 1077 5219 1138 5280; x_wconf 92' lang='lat' dir='ltr'>p.</span> <span class='ocrx_word' id='word_1_261' title='bbox 1181 5201 1379 5264; x_wconf 74' lang='lat'>56-62.</span> 
     </span>
    </p>
   </div>
   <div class='ocr_carea' id='block_1_4' title="bbox 569 5296 3425 5676">
    <p class='ocr_par' dir='ltr' id='par_1_6' title="bbox 569 5296 3425 5580">
     <span class='ocr_line' id='line_1_31' title="bbox 727 5296 3425 5391; baseline 0.01 -33"><span class='ocrx_word' id='word_1_262' title='bbox 727 5296 752 5334; x_wconf 81' lang='lat'>²</span> <span class='ocrx_word' id='word_1_263' title='bbox 778 5297 1037 5377; x_wconf 75' lang='lat' dir='ltr'>Pei-egr.</span> <span class='ocrx_word' id='word_1_264' title='bbox 1077 5319 1140 5380; x_wconf 90' lang='lat' dir='ltr'>p.</span> <span class='ocrx_word' id='word_1_265' title='bbox 1181 5300 1288 5361; x_wconf 83' lang='lat'>62:</span> <span class='ocrx_word' id='word_1_266' title='bbox 1337 5322 1369 5360; x_wconf 86' lang='lat'><strong>‹</strong></span> <span class='ocrx_word' id='word_1_267' title='bbox 1395 5299 1547 5363; x_wconf 83' lang='lat' dir='ltr'>Cum</span> <span class='ocrx_word' id='word_1_268' title='bbox 1587 5301 1710 5365; x_wconf 82' lang='lat' dir='ltr'>iam</span> <span class='ocrx_word' id='word_1_269' title='bbox 1736 5308 1868 5366; x_wconf 86' lang='lat' dir='ltr'>tres</span> <span class='ocrx_word' id='word_1_270' title='bbox 1895 5303 2038 5366; x_wconf 82' lang='lat' dir='ltr'>anni</span> <span class='ocrx_word' id='word_1_271' title='bbox 2077 5304 2247 5386; x_wconf 90' lang='lat' dir='ltr'>pleni</span> <span class='ocrx_word' id='word_1_272' title='bbox 2288 5315 2519 5389; x_wconf 83' lang='lat' dir='ltr'>essent,</span> <span class='ocrx_word' id='word_1_273' title='bbox 2547 5331 2587 5373; x_wconf 83' lang='lat' dir='ltr'>a</span> <span class='ocrx_word' id='word_1_274' title='bbox 2612 5330 2733 5391; x_wconf 86' lang='lat' dir='ltr'>quo</span> <span class='ocrx_word' id='word_1_275' title='bbox 2760 5313 3187 5380; x_wconf 82' lang='lat' dir='ltr'>Ierusolimam</span> <span class='ocrx_word' id='word_1_276' title='bbox 3226 5321 3425 5385; x_wconf 82' lang='lat' dir='ltr'>venis·</span> 
     </span>
     <span class='ocr_line' id='line_1_32' title="bbox 569 5396 3385 5491; baseline 0.009 -33"><span class='ocrx_word' id='word_1_277' title='bbox 569 5415 738 5459; x_wconf 83' lang='lat' dir='ltr'>sem:</span> <span class='ocrx_word' id='word_1_278' title='bbox 779 5396 934 5460; x_wconf 84' lang='lat' dir='ltr'>visis</span> <span class='ocrx_word' id='word_1_279' title='bbox 974 5397 1161 5460; x_wconf 84' lang='lat' dir='ltr'>etiam</span> <span class='ocrx_word' id='word_1_280' title='bbox 1201 5399 1482 5462; x_wconf 86' lang='lat' dir='ltr'>omnibus</span> <span class='ocrx_word' id='word_1_281' title='bbox 1520 5400 1676 5464; x_wconf 86' lang='lat' dir='ltr'>loeis</span> <span class='ocrx_word' id='word_1_282' title='bbox 1717 5403 1971 5481; x_wconf 83' lang='lat' dir='ltr'>sanctis,</span> <span class='ocrx_word' id='word_1_283' title='bbox 2012 5403 2094 5465; x_wconf 84' lang='lat' dir='ltr'>ad</span> <span class='ocrx_word' id='word_1_284' title='bbox 2134 5424 2291 5484; x_wconf 86' lang='lat' dir='ltr'>quos</span> <span class='ocrx_word' id='word_1_285' title='bbox 2331 5407 2624 5473; x_wconf 80' lang='lat' dir='ltr'>orationis</span> <span class='ocrx_word' id='word_1_286' title='bbox 2677 5412 2883 5491; x_wconf 79' lang='lat' dir='ltr'>gratia</span> <span class='ocrx_word' id='word_1_287' title='bbox 2926 5435 3026 5478; x_wconf 90' lang='lat' dir='ltr'>me</span> <span class='ocrx_word' id='word_1_288' title='bbox 3067 5417 3385 5482; x_wconf 69' lang='lat' dir='ltr'>tenderem</span> 
     </span>
     <span class='ocr_line' id='line_1_33' title="bbox 570 5493 2360 5580; baseline 0.005 -23"><span class='ocrx_word' id='word_1_289' title='bbox 570 5500 637 5557; x_wconf 82' lang='lat' dir='ltr'>et</span> <span class='ocrx_word' id='word_1_290' title='bbox 672 5493 814 5557; x_wconf 88' lang='lat' dir='ltr'>ideo</span> <span class='ocrx_word' id='word_1_291' title='bbox 854 5495 979 5558; x_wconf 82' lang='lat' dir='ltr'>iam</span> <span class='ocrx_word' id='word_1_292' title='bbox 1015 5496 1369 5559; x_wconf 84' lang='lat' dir='ltr'>revertendi</span> <span class='ocrx_word' id='word_1_293' title='bbox 1406 5497 1488 5560; x_wconf 84' lang='lat' dir='ltr'>ad</span> <span class='ocrx_word' id='word_1_294' title='bbox 1529 5500 1795 5580; x_wconf 83' lang='lat' dir='ltr'>patriam</span> <span class='ocrx_word' id='word_1_295' title='bbox 1836 5501 2073 5566; x_wconf 73' lang='lat' dir='ltr'>animus</span> <span class='ocrx_word' id='word_1_296' title='bbox 2113 5512 2302 5569; x_wconf 75' lang='lat' dir='ltr'>esset.</span> <span class='ocrx_word' id='word_1_297' title='bbox 2328 5530 2360 5566; x_wconf 62' lang='grc' dir='ltr'><strong><em>ι</em></strong></span> 
     </span>
    </p>

    <p class='ocr_par' dir='ltr' id='par_1_7' title="bbox 730 5591 1378 5676">
     <span class='ocr_line' id='line_1_34' title="bbox 730 5591 1378 5676; baseline 0.006 -22"><span class='ocrx_word' id='word_1_298' title='bbox 730 5591 756 5628; x_wconf 83' lang='lat'>³</span> <span class='ocrx_word' id='word_1_299' title='bbox 781 5593 1036 5674; x_wconf 80' lang='lat' dir='ltr'>Peregr.</span> <span class='ocrx_word' id='word_1_300' title='bbox 1074 5615 1137 5676; x_wconf 89' lang='lat' dir='ltr'>p,</span> <span class='ocrx_word' id='word_1_301' title='bbox 1180 5596 1378 5659; x_wconf 83' lang='lat'>63-68.</span> 
     </span>
    </p>
   </div>
   <div class='ocr_carea' id='block_1_5' title="bbox 3143 5748 3208 5796">
    <p class='ocr_par' dir='ltr' id='par_1_8' title="bbox 3143 5748 3208 5796">
     <span class='ocr_line' id='line_1_35' title="bbox 3143 5748 3208 5796; baseline 0 0"><span class='ocrx_word' id='word_1_302' title='bbox 3143 5748 3208 5796; x_wconf 81' lang='lat' dir='ltr'>lv</span> 
     </span>
    </p>
   </div>
  </div>
 </body>
</html>
