4642 6650
1724 835 1816 885 mr
1860 835 2051 886 roms
2095 836 2371 886 sauc'rts
3368 819 3494 888 137

608 1044 936 1156 amplius
989 1059 1349 1135 fuerunt:
1405 1059 1655 1135 orbite
1710 1062 1974 1135 autem
2009 1059 2218 1156 ipsae
2253 1060 2545 1135 habent
2596 1059 2816 1135 binos
2869 1059 3095 1158 pedes
3160 1059 3244 1134 in
3296 1060 3489 1136 lato.

607 1183 950 1280 Vestigia
983 1206 1166 1260 vero
1202 1207 1469 1259 currus
1505 1184 1926 1260 Pharaonis
1954 1207 2195 1281 usque
2231 1185 2333 1258 ad
2368 1208 2580 1262 mare
2618 1185 3010 1277 accedunt,
3043 1185 3178 1260 ubi
3228 1188 3492 1290 autem
3538 1265 3555 1286 ι

605 1308 988 1405 ingressus
1042 1311 1162 1384 est
1196 1310 1278 1383 in
1311 1330 1552 1402 mare,
1590 1309 1775 1384 dum
1811 1310 1985 1385 vult
2019 1309 2216 1385 filios
2252 1309 2493 1386 Israel
2529 1310 3193 1408 comprehendere.
3252 1311 3346 1398 In
3400 1333 3490 1387 eo

606 1436 869 1509 autem
920 1432 1111 1525 loco,
1165 1434 1249 1508 in
1303 1455 1455 1530 quo
1509 1434 1830 1530 ingressi
1883 1436 2068 1509 sunt
2103 1434 2244 1509 filii
2279 1435 2516 1510 Israel
2564 1435 2647 1509 in
2706 1458 2948 1528 mare,
3005 1435 3085 1510 id
3138 1438 3283 1536 est,
3340 1459 3492 1532 quo

605 1579 846 1654 usque
901 1557 1321 1634 Pharaonis
1374 1559 1674 1635 orbitae
1726 1562 2021 1657 parent,
2079 1561 2162 1634 in
2214 1560 2441 1636 hodie
2497 1560 2649 1636 duo
2708 1561 2925 1658 signa
2978 1561 3230 1658 posita
3280 1565 3488 1654 sunt,

605 1707 849 1778 unum
899 1684 982 1758 in
1036 1683 1307 1760 dextro
1345 1688 1426 1762 et
1462 1684 1673 1760 aliud
1710 1685 1794 1758 in
1828 1685 2165 1777 sinistro,
2207 1686 2410 1762 idem
2448 1708 2537 1761 ac
2574 1687 2640 1761 si
2677 1686 3179 1764 columnellae
3237 1688 3490 1764 factae

601 1814 807 1884 sunt.
865 1809 1108 1886 Locus
1162 1813 1428 1886 autem
1488 1811 1647 1908 ipse
1682 1833 1836 1886 non
1872 1811 2101 1907 longe
2138 1835 2186 1885 a
2223 1813 2476 1887 castro
2515 1815 2656 1903 est,
2706 1812 2784 1886 id
2841 1815 2963 1888 est
3016 1812 3108 1890 de
3167 1812 3489 1889 Olesma.

605 1934 899 2011 Clesma
953 1938 1218 2011 autem
1291 1935 1457 2033 ipsa
1512 1937 1595 2009 in
1649 1937 1818 2033 ripa
1873 1940 2015 2028 est,
2073 1936 2154 2010 id
2207 1939 2326 2013 est
2382 1959 2612 2032 supra
2667 1960 2921 2013 mare:
2978 1960 3162 2012 nam
3221 1941 3490 2035 portus

606 2064 723 2136 est
774 2060 884 2134 ibi
936 2061 1265 2153 clausus,
1315 2060 1451 2157 qui
1486 2065 1756 2157 portus
1809 2061 2062 2136 mittit
2095 2061 2195 2135 ad
2231 2061 2557 2154 Indiam,
2597 2064 2722 2138 vel
2759 2064 3044 2161 excipit
3094 2064 3514 2139 venientes·

605 2207 837 2262 naves
891 2185 985 2260 de
1040 2186 1303 2262 India:
1361 2187 1549 2263 alibi
1621 2187 1826 2263 enim
1889 2210 2267 2285 nusquam
2348 2188 2430 2263 in
2502 2210 2819 2264 romano
2877 2189 3039 2265 solo
3106 2211 3490 2266 accessum

603 2311 892 2387 habent
943 2333 1179 2389 naves
1233 2312 1330 2388 de
1386 2312 1633 2403 India,
1689 2312 1838 2387 nisi
1893 2314 1997 2387 ibi
2026 2304 2076 2388 ¹.
2135 2313 2394 2391 Naves
2448 2317 2716 2388 autem
2772 2315 2879 2388 ibi
2932 2318 3014 2390 et
3069 2315 3362 2389 multae
3401 2319 3487 2390 et

605 2437 954 2533 ingentes
1016 2417 1252 2514 suntz‘
1309 2460 1546 2535 quare
1607 2441 1877 2535 portus
1942 2438 2281 2514 famosus
2345 2443 2465 2515 est
2527 2461 2665 2536 pro
2730 2439 3323 2515 advenientibus
3381 2441 3492 2514 ibi

602 2563 1153 2639 mercatoribus
1209 2562 1303 2640 de
1355 2563 1601 2638 India.
1657 2563 1859 2638 Nam
1898 2567 1979 2639 et
2034 2563 2164 2640 ille
2217 2586 2449 2661 agens
2504 2565 2587 2638 in
2641 2565 2891 2656 rebus,
2951 2588 3179 2662 quem
3232 2564 3481 2662 Logo·

603 2691 893 2764 tetema
917 2680 947 2724 ²
983 2689 1396 2786 appellant,
1429 2688 1506 2763 id
1536 2692 1655 2764 est
1693 2689 1827 2786 qui
1862 2688 2182 2786 singulis
2219 2689 2441 2764 annis
2477 2691 2779 2787 legatus
2809 2690 2908 2764 ad
2935 2690 3236 2764 Indiam
3265 2691 3482 2766 vadit

603 2812 844 2886 iussu·
872 2814 1359 2911 imperatoris
1413 2815 1737 2906 romani,
1776 2814 1886 2888 ibi
1923 2836 2102 2911 ergo
2141 2814 2356 2891 sedes
2393 2815 2654 2906 habet,
2694 2819 2776 2891 et
2812 2838 3049 2892 naves
3102 2815 3211 2890 ibi
3264 2818 3480 2890 stant

604 2937 857 3034 ipsius.
914 2938 1060 3015 Hic
1112 2942 1234 3015 est
1285 2940 1522 3031 locus,
1583 2940 1716 3013 ubi
1768 2943 2284 3036 pervenerunt
2321 2939 2460 3013 filii
2499 2939 2736 3015 Israel
2792 2939 3181 3035 fugientes
3238 2965 3286 3016 a
3341 2939 3485 3015 Fa·

598 3059 856 3156 ra'one,
912 3065 1218 3162 quando
1275 3065 1367 3141 de
1403 3065 1709 3162 Egypto
1747 3065 2070 3161 profecti
2105 3067 2334 3139 sunt:
2374 3065 2518 3141 hoc
2556 3068 2819 3148 autem
2876 3069 3213 3141 castrum
3268 3070 3480 3162 post-

603 3190 914 3265 modum
948 3191 1055 3265 ibi
1084 3192 1426 3288 positum
1461 3193 1579 3267 est
1615 3213 1753 3286 pro
1793 3189 2230 3266 defensione
2267 3193 2352 3265 et
2389 3190 2787 3287 disciplina
2813 3181 2841 3225 ⁸
2878 3213 3016 3287 pro
3046 3191 3477 3267 incursione

601 3315 1172 3393 Saracenorum.
1211 3316 1453 3394 Locus
1492 3319 1754 3397 autem
1789 3316 1951 3415 ipse
1989 3316 2169 3392 talis
2206 3319 2350 3407 est,
2390 3316 2526 3391 ubi
2561 3319 2820 3392 totum
2854 3316 3234 3394 heremite
3301 3318 3480 3410 sint,

600 3441 678 3516 id
713 3447 832 3518 est
866 3443 1114 3539 campi
1149 3442 1473 3535 arenosi,
1502 3446 1819 3540 excepto
1855 3445 2120 3518 monte
2161 3442 2293 3516 illo
2336 3465 2512 3534 uno,
2553 3442 2687 3539 qui
2718 3442 3094 3557 incumbit
3132 3445 3213 3517 in
3256 3446 3480 3536 mari,

469 3622 490 3643 .
596 3567 680 3640 in
732 3566 947 3642 cuius
1000 3569 1286 3642 montis
1339 3567 1584 3643 latere
1637 3590 1732 3643 ex
1785 3566 2108 3642 adverso
2155 3566 2545 3663 colligitur
2601 3590 2936 3642 marmor
2989 3567 3478 3666 porphyreti-

597 3715 811 3769 cum:
867 3717 1046 3768 nam
1102 3715 1196 3768 ex
1253 3715 1344 3769 eo
1400 3693 1680 3769 dicitur
1715 3693 2088 3790 appellari
2123 3712 2336 3768 mare
2390 3692 2735 3786 rubrum,
2813 3694 2994 3791 quia
3048 3695 3172 3770 hic
3225 3717 3470 3789 mons,

594 3916 808 3980 littore
847 3916 1038 3980 maris
1079 3917 1413 3998 erythraei.
1459 3916 1740 3995 Orosius,
1780 3917 1952 3981 Hist.
1992 3917 2035 3979 l.
2076 3916 2130 3996 I,
2173 3937 2225 3979 c.
2285 3919 2402 3979 10:
2450 3938 2484 3976 ‹
2512 3876 2761 3979 'Extant
2816 3896 3005 3980 etiam
3059 3937 3223 3980 nunc
3264 3917 3478 3983 certis·

597 4015 754 4078 sima
790 4016 1009 4079 horum
1047 4022 1441 4079 monumenta
1478 4024 1816 4095 gestorum.
1856 4015 2017 4078 Nam
2058 4023 2295 4079 tractus
2339 4036 2626 4078 curruum
2664 4022 3060 4097 rotarumque
3089 4016 3326 4079 orbitae
3355 4036 3480 4080 non

595 4113 801 4175 solum
839 4114 904 4176 in
942 4106 1175 4194 littore,
1217 4114 1334 4178 sed
1362 4113 1552 4183 etiam
1576 4115 1644 4176 in
1667 4112 1996 4195 profundo,
2024 4128 2346 4194 quousque
2372 4114 2548 4177 visus
2578 4111 2955 4194 admittitur,
2988 4115 3416 4195 pervidentur..
3442 4138 3474 4173 ›

595 4211 693 4274 cf.
738 4211 1041 4291 Cosmam,
1083 4212 1352 4294 Topogr.
1397 4212 1629 4276 Clu-ist.
1671 4214 1714 4274 l.
1756 4214 1835 4290 V,
1878 4220 1945 4276 et
1985 4212 2176 4293 Greg.
2220 4214 2451 4276 Turon.
2491 4213 2574 4275 H.
2614 4214 2721 4299 Fr.
2763 4213 2818 4293 Ι,
2841 4235 2894 4276 c.
2925 4216 3022 4276 10.
3068 4235 3102 4273 ‹
3144 4215 3277 4277 Nos
3316 4213 3480 4292 quod
3565 4230 3579 4241 ·

594 4331 634 4372 a
672 4310 1062 4390 sapientibus
1104 4318 1172 4377 et
1212 4318 1380 4374 certe
1420 4310 1551 4373 illis
1591 4310 1962 4391 hominibus,
2003 4311 2109 4390 qui
2150 4312 2215 4373 in
2255 4313 2474 4376 eodem
2513 4312 2648 4375 loco
2690 4319 3102 4403 aoqesserant,
3144 4332 3361 4376 verum
3387 4332 3481 4374 co-

598 4409 942 4488 gnovimus,
986 4429 1062 4471 ea
1100 4408 1376 4473 inserere
1416 4408 1771 4472 studuimus
1791 4409 2073 4490 paginae.
2103 4409 2299 4472 Aiunt
2325 4409 2490 4474 enim
2512 4410 2738 4489 sulcos,
2783 4432 2939 4490 quos
2980 4416 3153 4472 rotae
3194 4430 3483 4475 curruum

593 4506 892 4585 fecerant,
930 4527 1129 4588 usque
1153 4506 1342 4571 hodie
1375 4527 1752 4588 permanere,
1783 4516 1849 4571 et
1886 4515 2180 4587 quantum
2208 4508 2376 4571 acies
2392 4508 2722 4572 ‚oculorum
2747 4508 2965 4589 videns
2984 4514 3213 4590 potest,
3241 4509 3308 4570 in
3340 4530 3475 4590 pro·

591 4603 785 4668 fundo
834 4605 1004 4669 cerni
1027 4630 1083 4669 ›.
3286 4616 3297 4629 “

752 4703 778 4743 ¹
814 4705 914 4768 De
952 4704 1159 4767 indica
1194 4705 1592 4786 navigatione
1646 4705 1794 4769 vide
1847 4708 2180 4788 praecipue
2235 4707 2514 4769 Plinium
2553 4706 2636 4769 H.
2681 4706 2763 4770 N.
2804 4705 2919 4782 VI,
2963 4729 3096 4789 cap.
3148 4710 3229 4769 26
3273 4706 3479 4773 ³227.

591 4802 822 4867 Anton.
861 4825 942 4868 m.
982 4826 1116 4886 cap.
1156 4807 1278 4868 41:
1322 4827 1356 4865 ‹
1398 4804 1500 4868 Ibi
1542 4812 1643 4869 est
1683 4805 1909 4869 civitas
1950 4804 2210 4885 modica,
2238 4826 2398 4884 quae
2440 4804 2792 4885 appellatur
2821 4804 3111 4893 Clysma,
3136 4805 3247 4867 ubi
3289 4805 3478 4868 etiam
3512 4800 3531 4813 ⁴

590 4903 902 4986 navespde
939 4903 1123 4966 Ind'a
1157 4904 1437 4967 veniunt.
1479 4927 1513 4965 ι
1543 4898 1749 4984 'Greg.
1791 4903 1936 4966 Tur.
1979 4905 2061 4966 H.
2102 4903 2207 4965 Fr.
2250 4903 2304 4978 Ι,
2351 4923 2402 4965 c.
2449 4905 2566 4965 10:
2613 4925 2645 4962 α
2690 4903 2855 4977 Quia
2913 4920 3109 4966 naves
3163 4903 3242 4968 de
3286 4903 3476 4966 india

575 5000 913 5064 weuienteu
950 5001 1185 5065 ibidem
1226 5001 1617 5083 (Clysmatis)
1659 5004 1742 5064 ob
1778 5008 1998 5082 portus
2039 5001 2571 5081 opportunitatem
2616 5000 2944 5079 quiescunt
2986 5025 3041 5062 ι».

748 5097 776 5135 ²
814 5098 1167 5179 Logotheta
1207 5108 1307 5161 est
1347 5100 1656 5162 rationum
1694 5100 2091 5182 perscriptor,
2135 5107 2206 5160 ut
2243 5100 2483 5161 romani
2523 5099 2990 5178 graecissantes
3032 5120 3171 5162 eum
3212 5099 3477 5181 appella·

588 5195 757 5257 bant.
799 5194 978 5258 Proc.
1021 5195 1207 5258 Goth.
1249 5197 1373 5275 111,
1415 5218 1468 5261 c.
1513 5201 1567 5259 1.
1607 5197 1707 5259 De
1749 5198 1885 5279 ejus
1925 5196 2200 5259 muueris
2241 5196 2615 5274 antiquitate
2657 5206 2724 5259 et
2761 5217 2877 5277 per
2918 5195 3199 5260 medium
3251 5217 3478 5260 aevum

594 5314 780 5357 cursu
820 5294 1179 5374 vicibusque
1218 5315 1290 5357 co
1438 5317 1474 5358 e
1515 5296 1722 5359 Gloss.
1764 5296 2063 5374 Ducange
2104 5296 2170 5356 in
2210 5314 2271 5357 v.
2301 5295 2672 5374 Logotheta.

751 5392 777 5427 ³
817 5392 1147 5472 Intellige:
1189 5412 1328 5474 posi
1402 5416 1462 5455 m
1503 5401 1605 5456 est
1641 5413 1755 5473 pro
1794 5392 2158 5455 defensione
2201 5400 2267 5455 et
2307 5392 2939 5472 disciplina-romana
2979 5393 3058 5455 ob
3096 5392 3511 5456 incursiones·

593 5510 1041 5553 saracenorum.
1083 5492 1339 5573 Peregr.
1381 5515 1441 5574 p.
1484 5495 1599 5555 47:
1648 5517 1680 5552 α
1702 5499 1977 5555 castrum
2019 5499 2117 5554 est
2158 5491 2248 5552 ibi
2294 5538 2308 5552 .
2356 5537 2371 5553 .
2417 5538 2431 5553 .
2475 5512 2588 5571 pro
2627 5491 2962 5571 disciplina
3000 5512 3386 5556 romanorum
3418 5517 3476 5555 ι».

596 5589 683 5650 Et
718 5611 778 5670 p.
841 5592 960 5651 50:
1017 5614 1051 5652 ι
1108 5592 1458 5655 remisimus
1508 5591 1760 5670 milites,
1816 5591 1920 5670 qui
1968 5591 2151 5653 nobis
2203 5612 2316 5672 pro
2369 5591 2699 5672 disciplina
2748 5612 3001 5654 romana
3057 5592 3288 5655 auxilia
3338 5612 3473 5675 pre-

600 5689 863 5752 buerant
903 5713 959 5752 ».
2574 5702 2581 5709 '
3124 5704 3141 5717 “

3191 5823 3265 5880 18
