4642 6650
1215 734 1340 799 102
1899 819 1904 824 Ι
2188 752 2242 797 0.
2290 751 2554 798 summ
2590 752 3092 799 ‘PEREGRINATIO

1207 969 1694 1066 Martyrium,
1754 972 1999 1045 omnis
2053 972 2378 1067 populus
2433 993 2672 1068 usque
2743 970 2839 1045 ad
2905 994 3147 1044 unum
3220 994 3396 1046 cum
3464 972 3716 1068 ymnis
3793 973 4075 1047 ducent

1208 1095 1639 1190 episcopum
1694 1096 1775 1167 in
1831 1094 2073 1191 Syon:
2134 1096 2264 1170 sed
2316 1098 2509 1170 hora
2562 1095 2799 1169 tertia
2853 1096 3078 1193 plena
3121 1097 3203 1169 in
3243 1095 3449 1193 Syon
3485 1098 3663 1171 sint.
3702 1097 3853 1170 Ubi
3890 1120 4067 1172 cum

1208 1223 1528 1294 ventum
1584 1220 1844 1311 fuerit,
1900 1220 2186 1315 legitur
2239 1219 2370 1295 ille
2426 1221 2639 1293 locus
2693 1219 2786 1293 de
2844 1221 3080 1294 Actus
3135 1221 3697 1316 apostolorum,
3759 1222 3891 1294 ubi
3945 1221 4075 1297 de·

1210 1344 1502 1420 scendit
1557 1344 1893 1440 spiritus,
1938 1348 2026 1418 ut
2080 1367 2340 1419 omnes
2392 1345 2702 1440 linguae
2757 1344 3303 1439 intelligerent,
3343 1367 3543 1440 quae
3580 1345 4071 1419 dicebantur:

1208 1467 1697 1564 postmodum
1753 1467 1843 1541 fit
1898 1468 2161 1542 ordine
2216 1490 2354 1542 suo
2408 1469 2661 1541 missa.
2717 1468 2916 1541 Nam
2973 1467 3371 1563 presbiteri
3428 1468 3520 1542 de
3575 1469 3716 1544 hoc
3769 1468 3989 1563 ipsud
4024 1461 4074 1559 ¹,

1212 1594 1417 1689 quod
1469 1594 1753 1667 lectum
1809 1597 1929 1668 est
1984 1592 2197 1689 (quia
2251 1594 2410 1689 ipse
2464 1595 2583 1667 est
2639 1593 2845 1666 locus
2882 1594 2964 1665 in
3011 1590 3058 1665 S
3062 1593 3272 1688 yon),
3310 1593 3462 1666 alia
3498 1592 3721 1666 modo
3760 1593 4073 1668 ecclesia

1212 1722 1361 1809 est,
1417 1718 1552 1791 ubi
1624 1718 2011 1813 quondam
2086 1721 2260 1813 post
2320 1717 2749 1813 passionem
2816 1716 3124 1790 Domini
3186 1717 3504 1791 collecta
3576 1720 3745 1792 erat
3814 1716 4075 1790 multi-

1149 1953 1163 1962 ·
1210 1842 1403 1917 tudo
1448 1864 1620 1918 cum
1676 1842 2064 1937 apostolis,
2107 1845 2396 1937 quando
2431 1843 2575 1918 hoc
2630 1842 2917 1916 factum
2978 1842 3118 1932 est,
3179 1843 3269 1913 ut
3325 1842 3668 1937 superius
3720 1840 4074 1928 diximus,

1102 3468 1171 3524 71

1210 1969 1483 2064 legunt
1535 1968 1643 2041 ibi
1715 1968 1809 2041 de
1881 1968 2178 2042 actibus
2251 1969 2796 2064 apostolorum.
2872 1967 3368 2041 Postmodum
3442 1967 3534 2042 fit
3608 1968 3870 2041 ordine
3938 1987 4077 2041 suo

1213 2092 1483 2167 missa:
1541 2093 1861 2166 offertur
1914 2096 1997 2167 et
2048 2093 2156 2167 ibi
2210 2094 2488 2166 etiam:
2533 2095 2622 2165 ut
2658 2091 3100 2165 dimittatur
3135 2092 3481 2187 populuS,
3520 2091 3770 2165 mittit
3803 2112 4068 2165 vocem

1215 2216 1812 2308 archidiaconus,
1871 2219 1952 2291 et
2008 2216 2246 2291 dicet:
2303 2215 2550 2290 Hodie
2604 2216 2869 2290 statim
2908 2219 3083 2311 post
3120 2219 3333 2291 sexta
3371 2237 3635 2290 omnes
3670 2216 3754 2289 in
3791 2215 4079 2290 Eleona

1213 2341 1469 2437 parati
1520 2339 1756 2415 simus
1809 2339 2230 2415 Imbomon.
2287 2340 2740 2416 Revertitur
2793 2361 2972 2435 ergo
3028 2342 3272 2415 omnis
3309 2341 3630 2438 populus
3666 2340 4074 2435 unusquis-

1216 2488 1365 2562 que
1419 2465 1500 2539 in
1556 2465 1866 2539 domum
1921 2488 2139 2540 suam
2176 2486 2558 2540 resumere
2596 2487 2698 2557 se,
2742 2469 2824 2541 et
2859 2465 3123 2539 statim
3163 2469 3337 2563 post
3372 2464 3778 2562 prandium
3827 2486 4085 2540 ascen-

1219 2591 1429 2664 ditur
1479 2613 1698 2664 mons
1757 2589 2037 2666 Oliveti
2090 2590 2168 2663 id
2226 2592 2346 2665 est
2399 2590 2479 2662 in
2521 2589 2809 2664 Eleona
2843 2592 3388 2687 unusquisque,
3427 2589 3806 2686 quomodo
3861 2592 4081 2685 patet

1219 2715 1393 2806 iter,
1450 2717 1544 2788 ut
1596 2714 1855 2788 nullus
1911 2715 2370 2790 christianus
2427 2717 2822 2790 remaneat
2875 2716 2956 2788 in
3010 2715 3353 2805 civitate,
3412 2713 3544 2809 qui
3615 2736 3770 2787 non
3840 2713 4084 2786 omnis

1221 2837 1530 2914 vadent.
1591 2836 2243 2923 Quemadmodum
2302 2860 2482 2934 ergo
2538 2839 2795 2913 subito
2853 2838 3088 2912 fuerit
3142 2837 3221 2910 in
3295 2839 3554 2911 monte
3630 2836 3933 2925 Oliveti,
4006 2835 4085 2909 id

1222 2964 1341 3035 est
1392 2960 1475 3033 in
1529 2960 1837 3050 Eleona‚
1894 2962 2225 3057 primum
2275 2964 2441 3036 itur
2494 2962 2577 3035 in
2630 2961 3052 3049 Imbomon‚
3109 2962 3187 3035 id
3241 2965 3359 3036 est
3404 2962 3485 3035 in
3522 2982 3614 3037 eo
3650 2962 3840 3051 loco,
3886 2960 4087 3035 unde

1224 3084 1566 3159 ascendit
1618 3084 1989 3159 Dominus
2045 3087 2125 3159 in
2180 3087 2452 3161 coelis:
2509 3090 2591 3162 et
2644 3086 2751 3160 ibi
2806 3085 3018 3161 sedet
3072 3085 3487 3181 episcopus,
3546 3087 3628 3160 et
3662 3079 4085 3180 presbiteri,

1224 3209 1439 3284 sedet
1494 3210 1740 3283 omnis
1793 3209 2159 3305 populus:
2217 3211 2586 3306 leguntur
2638 3210 2749 3283 ibi
2803 3210 3189 3301 lectiones,
3227 3208 3587 3283 dicuntur
3640 3208 4088 3304 interposite

1226 3336 1464 3432 ymni,
1523 3335 1886 3410 dicuntur
1943 3338 2025 3410 et
2079 3335 2542 3430 antiphonae
2582 3337 2811 3429 aptae
2850 3335 2998 3409 diei
3035 3337 3117 3409 et
3151 3334 3360 3421 loco;
3400 3333 3787 3407 orationes
3826 3332 4085 3421 etiam,

1228 3482 1424 3555 quae
1460 3459 2082 3555 interponuntur,
2132 3459 2143 3551 Ι
2191 3481 2489 3555 semper
2525 3458 2721 3567 tales
2760 3457 3423 3554 pronuntiationes
3462 3456 3772 3546 habent,
3812 3459 3904 3529 ut
3939 3456 4089 3529 diei

1226 3588 1307 3660 et
1359 3585 1525 3659 loco
1581 3584 2087 3658 conveniunt:
2144 3583 2430 3678 legitur
2485 3584 2720 3658 etiam
2777 3585 2860 3657 et
2912 3581 3043 3654 ille
3096 3581 3306 3655 locus
3364 3581 3456 3654 de
3495 3580 3915 3676 evangeli0,
3953 3580 4089 3654 ubi

1228 3709 1413 3784 dicit
1467 3709 1558 3783 de
1613 3730 1925 3783 ascensu
1963 3707 2271 3781 Domini
2308 3709 2387 3780 in
2424 3709 2651 3783 coelis
2689 3708 2864 3804 post
2899 3706 3555 3780 resurrectionem.
3597 3704 3784 3779 Cum
3827 3707 4088 3779 autem

1228 3833 1371 3906 hoc
1400 3832 1718 3922 >factum
1774 3825 2032 3923 fuerit,
2088 3831 2646 3907 benedicuntur
2700 3828 3230 3919 cathecumini,
3288 3829 3394 3903 sic
3443 3827 3743 3917 fideles;
3784 3831 3865 3903 et
3900 3829 4090 3902 hora

1228 3959 1381 4031 iam
1437 3979 1642 4031 nona
1699 3956 2181 4032 descenditur
2217 3957 2417 4048 inde,
2457 3959 2539 4031 et
2576 3977 2750 4030 cum
2788 3954 3040 4051 ymnis
3075 3954 3236 4027 itur
3275 3953 3372 4027 ad
3411 3954 3623 4027 illam
3678 3953 4090 4042 ecclesiam,

1229 4104 1428 4179 quae
1482 4084 1562 4155 et
1614 4083 1780 4176 ipsa
1830 4081 1914 4154 in
1967 4081 2254 4155 Eleona
2307 4084 2451 4172 est,
2488 4079 2568 4153 id
2605 4082 2722 4154 est
2766 4079 2847 4152 in
2884 4101 3036 4173 qua
3072 4079 3432 4174 spelunca
3467 4077 3732 4152 sedens
3770 4077 4092 4152 docebat

1229 4204 1600 4280 Dominus
1655 4204 2064 4299 apostolos.
2120 4203 2239 4277 Ibi
2294 4207 2556 4279 autem
2612 4225 2787 4279 cum
2839 4205 3160 4279 ventum
3216 4201 3471 4293 fuerit,
3522 4203 3675 4275 iam
3730 4205 3848 4276 est
3901 4202 4091 4275 hora

1232 4329 1403 4425 plus
1459 4327 1790 4402 decima:
1847 4327 1938 4401 fit
1991 4327 2099 4400 ibi
2153 4327 2571 4417 lucei-nare,
2629 4325 2720 4399 fit
2774 4327 3050 4416 orati0,
3105 4325 3659 4401 benedicuntur
3733 4325 4091 4400 cathecu-

1232 4451 1445 4544 mini,
1502 4455 1586 4526 et
1638 4453 1747 4526 sic
1799 4451 2056 4527 fideles
2111 4453 2371 4526 etiam.
2427 4451 2614 4526 Inde
2662 4451 3146 4527 descenditur
3182 4473 3354 4524 cum
3387 4450 3639 4546 ymnis
3679 4451 3924 4524 omnis
3958 4472 4092 4546 po-

1231 4578 1457 4675 pulus
1511 4598 1753 4672 usque
1806 4578 1906 4650 ad
1962 4600 2201 4651 unum
2253 4575 2407 4650 toti
2461 4597 2635 4650 cum
2689 4577 3059 4672 episcopO,
3116 4597 3387 4672 ymnos
3425 4574 3756 4649 dicentes
3795 4575 3919 4650 vel
3962 4597 4094 4648 an-

1233 4700 1592 4797 tiphonas
1673 4702 1894 4796 aptas
1967 4700 2116 4776 diei
2186 4699 2372 4795 ipsi:
2446 4701 2553 4775 sic
2631 4699 2943 4775 venitur
3005 4700 3213 4774 lente
3275 4701 3357 4774 et
3423 4699 3629 4774 lente
3694 4720 3934 4794 usque
4000 4697 4097 4772 ad

1400 4974 1419 5011 ²
1450 4976 1732 5039 Ecclesia
1769 4976 1936 5055 Sion,
1977 4996 2133 5055 quae
2171 4976 2370 5057 primo
2411 4982 2545 5038 erat
2584 4976 2804 5038 domus
2847 4997 2897 5039 s.
2939 4977 3150 5055 Marci,
3199 4976 3528 5055 pristinam
3583 4981 3649 5038 et
3701 4975 4103 5055 apostolicam

1237 5074 1497 5136 formam
1537 5080 1915 5152 servaverat,
1955 5094 2098 5135 nam
2136 5074 2446 5136 Romanos
2476 5074 2553 5151 ei,
2595 5095 2732 5135 cum
2774 5075 2890 5135 sub
2938 5074 3081 5135 Tito
3130 5074 3278 5134 urbs
3328 5093 3546 5136 eversa
3593 5079 3711 5152 est,
3747 5074 4101 5153 pepercisse

1238 5171 1623 5253 Epiphanius
1664 5171 1860 5232 tradit
1901 5172 2025 5253 (De
2064 5172 2420 5249 Ponderib„
2462 5191 2514 5233 0.
2560 5173 2680 5252 14).
2725 5171 2861 5244 Quo
2902 5178 3176 5251 tempore
3221 5170 3497 5250 Cyrillus
3548 5169 3935 5231 Catechesim
3974 5190 4106 5231 sex-

1238 5277 1367 5331 tam
1395 5269 1695 5349 exposuit,
1722 5270 2047 5330 immutata
2070 5269 2341 5330 nondum
2368 5289 2507 5331 esse
2546 5270 2828 5331 videtur:
2857 5289 3071 5330 verum
3095 5270 3278 5349 paulo
3307 5277 3451 5348 post
3478 5269 3543 5329 in
3571 5269 3756 5329 aliam
3782 5269 4104 5330 ecclesiam

1240 5387 1538 5430 conversa
1576 5373 1694 5444 est,
1735 5373 1807 5429 ut
1847 5386 1924 5428 ex
1962 5367 2064 5430 his
2104 5367 2311 5430 verbis
2352 5387 2609 5428 noscere
2649 5367 2828 5428 licet:
2874 5389 2907 5424 ‹
2931 5367 3055 5428 alia
3093 5368 3272 5428 modo
3317 5367 3579 5428 ecclesia
3613 5372 3727 5428 est.
3753 5389 3784 5424 »
3814 5366 4105 5444 Magnam

1238 5465 1559 5527 basilicam
1598 5465 1825 5528 factam
1866 5485 2006 5527 esse
2045 5466 2111 5527 in
2150 5465 2473 5527 Breviario
2512 5464 3057 5543 hierosolymitano
3096 5464 3385 5544 legimus,
3427 5472 3808 5542 matremque
3838 5463 4106 5526 omnium

1238 5550 1635 5627 ecclesiarum
1677 5563 2062 5625 Theodosius
2104 5563 2208 5645 (de
2248 5561 2289 5622 1.
2334 5581 2383 5623 s.
2426 5582 2556 5640 cap.
2600 5562 2666 5641 6)
2710 5581 2834 5622 non
2873 5560 3177 5623 immerito
3220 5560 3509 5640 appellat.
4034 5549 4038 5553 ⁴
