4642 6650
1231 787 1357 856 142
2403 805 2602 855 parm
2648 811 2922 858 nucem

1223 1047 1535 1122 pergere
1588 1049 1725 1123 per
1776 1029 2301 1104 transversum
2356 1029 2455 1103 ad
2500 1030 2781 1106 vallem
2854 1032 3098 1128 ipsam
3172 1032 3639 1108 deambulat.
3695 1033 3902 1109 Haec
3970 1037 4089 1110 est

1224 1155 1491 1226 autem
1542 1153 1767 1228 vallis
1822 1155 2109 1250 ingens
2141 1158 2221 1229 et
2274 1156 2738 1252 planissima,
2795 1157 2876 1231 in
2930 1181 3083 1254 qua
3138 1158 3275 1231 filii
3330 1158 3567 1234 Israel
3641 1159 4091 1235 commorati

1224 1281 1429 1367 sunt,
1487 1278 1791 1376 quando
1846 1280 2142 1377 Moyses
2197 1280 2351 1355 fuit
2387 1281 2467 1355 in
2505 1286 2846 1358 montem
2884 1284 3397 1381 quadraginta
3452 1284 3718 1361 diebus
3772 1288 3853 1361 et
3907 1309 4093 1382 qua·

1224 1400 1581 1497 draginta
1616 1403 1991 1478 noctibuS.
2032 1403 2273 1480 Locus
2308 1413 2596 1498 autem,
2638 1409 2771 1482 ubi
2808 1408 3055 1484 factus
3094 1413 3213 1483 est
3251 1409 3567 1500 vitulus,
3599 1432 3837 1506 usque
3866 1409 4090 1485 hodie

1226 1528 1679 1620 ostenditur,
1733 1553 1916 1604 nam
1969 1531 2164 1627 lapis
2198 1531 2509 1628 grandis
2549 1533 2653 1607 ibi
2690 1533 2885 1608 fixus
2925 1537 3107 1608 stat.
3150 1533 3359 1610 Haec
3412 1557 3592 1631 ergo
3647 1535 3872 1611 vallis
3928 1535 4093 1631 ipsa

1224 1656 1366 1746 est,
1423 1655 1503 1729 in
1557 1656 1773 1732 cuius
1830 1657 2076 1753 capite
2131 1657 2260 1733 ille
2321 1659 2532 1733 locus
2597 1662 2738 1750 est,
2796 1661 2928 1735 ubi
2993 1664 3258 1736 sancto
3312 1660 3558 1757 Moysi
3619 1661 3923 1736 locutus
3976 1661 4095 1734 est

1224 1779 1431 1855 Deus
1484 1781 1565 1855 in
1620 1782 1813 1855 rubo
1869 1782 1961 1858 de
1999 1784 2195 1880 igne.
2238 1783 2356 1858 Ab
2399 1807 2552 1858 uno
2593 1789 2854 1860 autem
2891 1785 3135 1861 late're
3180 1786 3513 1884 optimus
3567 1789 3683 1861 est
3738 1807 4092 1861 ascensus

1225 1904 1305 1977 in
1362 1909 1726 2000 montem,
1784 1911 1867 1981 et
1904 1908 1999 1983 ab
2038 1909 2189 1982 alio
2227 1908 2662 1984 descensus:
2704 1932 2840 2006 per
2876 1909 3209 1986 medium
3266 1913 3528 1986 autem
3580 1908 3806 1986 vallis
3841 1913 4091 1984 trans·

1224 2035 1602 2123 versatur,
1660 2035 1742 2106 et
1794 2034 1900 2107 sic
1954 2032 2054 2107 ad
2127 2036 2467 2109 montem
2524 2033 2667 2107 Dei
2732 2034 3201 2130 pervenitur.
3268 2033 3488 2109 Mons
3556 2055 3743 2110 vero
3798 2033 3958 2130 ipse
4012 2034 4094 2107 in

1224 2179 1414 2254 gyro
1470 2158 1776 2254 quidem
1829 2183 2029 2234 unus
2092 2182 2251 2234 esse
2325 2160 2658 2251 videtur,
2718 2162 2927 2235 intus
3000 2164 3260 2238 autem
3335 2160 3646 2258 plurimi
3700 2161 3904 2250 sunt,
3961 2158 4092 2234 sed

1225 2304 1487 2358 omnes
1542 2283 1656 2357 illi
1714 2307 1909 2360 unus
1945 2307 2163 2360 mons
2201 2284 2436 2383 Synai
2474 2287 2927 2383 appellatur.
2972 2284 3330 2383 Specialis
3370 2291 3633 2361 autem
3688 2285 3819 2360 ille
3872 2306 4090 2359 mons

1223 2412 1365 2500 est,
1421 2409 1502 2483 in
1557 2410 1770 2485 cuius
1810 2411 2256 2486 summitate
2294 2416 2414 2487 est
2449 2413 2578 2488 ille
2616 2414 2847 2503 locuS,
2887 2413 3021 2506 ubi
3059 2412 3451 2488 descendit
3502 2412 3865 2487 maiestas
3923 2411 4088 2502 Dei,

1224 2536 1448 2609 tanto
1504 2534 1737 2610 altior
1790 2538 1908 2610 est
1945 2536 2298 2610 omuibus
2334 2536 2511 2627 illis,
2552 2541 2643 2612 ut
2681 2560 2855 2612 cum
2892 2538 3062 2634 quis
3100 2537 3523 2613 ascenderit
3560 2538 3641 2611 in
3686 2536 3844 2627 illo,
3876 2558 4086 2632 pror·

1224 2682 1353 2734 sus
1408 2682 1674 2737 omnes
1723 2662 1836 2735 illi
1890 2665 2213 2753 monteS,
2271 2671 2464 2759 quos'
2517 2663 3056 2739 excelsissimos
3103 2663 3406 2753 viderit,
3463 2663 3578 2737 ita
3631 2662 3774 2736 sub
3831 2665 4092 2736 monte

1222 2785 1589 2862 videntur
1642 2785 1849 2885 Syna
1885 2810 1973 2863 ac
2012 2788 2078 2863 si
2112 2788 2464 2864 colliculi.
2504 2789 2721 2865 Mo'ns
2758 2792 3021 2864 autem
3075 2811 3248 2864 cum
3302 2789 3655 2863 omnibus
3708 2787 3941 2863 altior
3987 2788 4092 2861 sit

1226 2910 1357 2985 ille
1413 2910 1832 3002 medianus,
1891 2912 2027 3008 qui
2080 2912 2510 3008 specialiter
2562 2906 2772 3009 Syna
2810 2913 3112 3003 dicitur,
3152 2917 3415 2988 tamen
3451 2912 3695 2988 videri
3748 2933 3900 2986 non
3954 2933 4089 3007 po-

1225 3038 1407 3128 test,
1463 3036 1611 3111 nisi
1664 3036 1761 3111 ad
1835 3040 2219 3135 propriam
2282 3037 2613 3113 radicem
2668 3038 2873 3112 illius
2927 3040 3248 3129 venetie,
3307 3041 3490 3114 ante
3544 3041 3807 3113 tamen
3859 3058 4092 3133 quam

1226 3162 1523 3254 subeas,
1561 3184 1740 3236 nam
1778 3167 2274 3259 posteaquam
2316 3185 2409 3238 ex
2445 3185 2536 3238 eo
2574 3163 3045 3240 descenderis
3080 3163 3279 3256 inde,
3319 3167 3399 3239 et
3436 3163 3528 3238 de
3565 3166 3834 3238 contra
3869 3162 4091 3236 illum

1226 3286 1480 3363 vides:
1538 3287 1742 3385 quod
1797 3292 2214 3385 antequam
2267 3287 2350 3363 in
2395 3309 2571 3362 eum
2610 3288 2991 3381 ascendat,
3017 3289 3280 3365 'facere
3317 3311 3468 3363 non
3506 3287 3817 3385 poterit.
3876 3286 4089 3361 Mon-

1199 3416 1344 3490 -tes
1397 3436 1607 3506 ver0‚
1663 3415 1797 3512 qui
1849 3415 1929 3490 in
1985 3416 2309 3491 circuitu
2366 3417 2570 3506 sunt,
2628 3437 2802 3490 cum
2859 3415 3190 3490 maximo
3244 3415 3506 3492 labore
3552 3413 4090 3503 ascenduntur,

1227 3539 1589 3635 quoniam
1644 3561 1799 3615 non
1838 3539 2358 3614 ascenduntur
2392 3561 2528 3635 per
2561 3561 2839 3636 gyrum
2877 3538 2959 3613 in
2994 3539 3290 3628 cocleiS,
3328 3538 3461 3614 sed
3499 3518 3783 3613 directe
3836 3558 4093 3611 ascen·

1227 3664 1540 3756 duntur,
1596 3686 1687 3739 ac
1738 3665 1805 3738 si
1857 3687 1995 3762 per
2069 3663 2441 3760 parietem
2498 3667 2582 3739 et
2650 3664 2934 3739 directe
3007 3663 3595 3740 descenduntur.
3652 3662 3745 3737 In
3807 3663 4095 3737 vertice

1228 3794 1493 3867 autem
1544 3791 1829 3865 montis
1884 3789 2115 3888 Syna,
2171 3789 2306 3864 ubi
2341 3790 2466 3864 lex
2500 3790 2747 3886 Moysi
2785 3789 2968 3864 data
3021 3793 3162 3881 est,
3219 3789 3533 3864 ecclesia
3585 3810 3825 3884 parva
3878 3808 4093 3862 cons-

1226 3921 1490 3994 tructa
1540 3919 1679 3993 est.
1737 3916 1830 3990 In
1884 3917 2331 3992 summitate
2366 3939 2550 3992 vero
2588 3916 2871 3990 montis
2909 3916 3116 3990 illius
3161 3914 3421 3989 nullus
3475 3914 3805 4003 habitat,
3862 3910 4095 3987 nichil

1226 4046 1347 4118 est
1400 4044 1603 4118 enim
1655 4042 1768 4117 ibi
1819 4042 2032 4117 aliud
2085 4042 2230 4117 nisi
2267 4042 2433 4116 sola
2469 4041 2782 4117 ecclesia
2820 4045 2901 4116 et
2936 4040 3318 4137 spelunca,
3357 4040 3442 4114 in
3499 4062 3654 4135 qua
3705 4037 4094 4113 habitavit

1227 4172 1535 4243 sanctus
1586 4168 1908 4265 Moyses.
1962 4168 2180 4242 Mons
2214 4189 2399 4243 vero
2436 4166 2595 4264 ipse
2630 4169 2845 4242 totus
2882 4166 3227 4263 petrinus
3264 4169 3405 4255 est,
3443 4166 3558 4239 ita
3593 4168 3687 4238 ut
3738 4185 3877 4238 nec
3931 4162 4094 4237 fru-

1225 4292 1456 4368 ticem
1511 4291 1819 4366 habeat.
1859 4291 1971 4367 De
2024 4292 2473 4366 summitate
2524 4268 2732 4366 vero·
2763 4291 3045 4365 montis
3099 4288 3433 4364 mediani
3486 4287 3601 4362 ita
3655 4286 3927 4361 subtus
3980 4286 4094 4361 vi·

1229 4415 1509 4490 dentur
1545 4437 1709 4491 esse
1745 4414 1861 4489 illi
1894 4418 2195 4490 montes
2223 4413 2732 4506 excelsissimi,
2762 4415 2982 4510 quasi
3021 4411 3373 4488 colliculi.
3405 4410 3473 4485 A
3511 4410 3798 4487 vertice
3831 4412 4096 4485 autem

1225 4542 1512 4616 montis
1567 4541 1803 4639 Synai
1854 4541 2225 4638 Egyptus,
2282 4540 2697 4631 Palestina,
2755 4563 2964 4616 mare
3019 4539 3364 4629 rubrum,
3432 4559 3644 4612 mare
3705 4535 4095 4634 partheni-

1229 4690 1427 4751 cum,
1485 4667 1690 4764 quod
1746 4668 1993 4742 mittit
2046 4666 2614 4758 Alexandriam,
2671 4687 2812 4742 nec
2863 4689 3019 4741 non
3057 4669 3139 4741 et
3172 4665 3359 4740 fines
3399 4663 3947 4739 Saracenorum
3980 4662 4094 4737 vi-

1228 4792 1530 4867 dentur.
1585 4791 1678 4865 In
1731 4794 1993 4867 monte
2045 4813 2227 4866 vero
2283 4790 2599 4882 Choreb,
2657 4791 2790 4886 qui
2843 4790 3087 4865 eidem
3137 4788 3382 4863 monti
3448 4787 3896 4863 coniunctus
3950 4789 4095 4875 est,

1228 4920 1348 4994 est
1381 4916 1694 4994 ecclesia
1730 4921 1810 4993 et
1845 4919 2029 4992 ante
2067 4916 2460 4993 ecclesiam
2493 4918 2837 5011 spelunca,
2877 4917 2967 5011 in,
2994 4939 3146 5012 qua
3183 4915 3419 4989 latuit
3473 4915 3781 4988 sanctus
3834 4911 4099 4989 Helias

1227 5044 1369 5118 sub
1424 5042 1710 5119 Achab.
1768 5041 2213 5145 Ostenditur
2265 5042 2377 5116 ibi
2429 5042 2666 5117 etiam
2710 5041 3076 5115 altarium
3110 5038 3522 5137 lapideum,
3562 5058 3789 5134 quem
3837 5038 4100 5134 posuit

1227 5169 1390 5264 ipse
1424 5171 1733 5243 sanctus
1787 5166 2049 5242 Helias
2106 5166 2205 5242 ad
2259 5165 2729 5242 offerendum
2763 5166 2947 5241 Deo.
2985 5164 3162 5240 Non
3192 5164 3419 5259 longe
3456 5166 3718 5239 autem
3765 5161 3944 5238 inde
3980 5164 4101 5237 est

1225 5294 1460 5384 locus,
1515 5293 1651 5366 ubi
1705 5291 1929 5367 stetit
1982 5294 2290 5367 sanctus
2345 5290 2604 5365 Aaron
2671 5312 2846 5365 cum
2917 5290 3408 5385 septuaginta
3480 5287 3943 5363 senioribus:
4015 5286 4098 5360 in

1227 5415 1318 5494 eo
1371 5417 1538 5493 loco
1591 5420 1886 5493 tectum
1921 5420 2253 5511 nonest,
2295 5419 2514 5512 petra
2553 5420 2813 5491 tamen
2850 5415 3116 5512 ingens
3154 5417 3271 5490 est
3307 5436 3441 5511 per
3475 5437 3752 5511 gyrum
3805 5413 4097 5488 habens

1224 5542 1628 5640 planitiem
1681 5565 1913 5639 supra
1966 5563 2071 5632 se,
2119 5541 2251 5615 ubi
2305 5540 2423 5615 illi
2475 5543 2885 5616 steterunt.
2940 5540 3033 5614 In
3085 5539 3337 5615 medio
3392 5543 3659 5615 autem
3708 5537 4097 5635 lapideum

1227 5667 1592 5742 altarium
1648 5671 1785 5744 est.
1839 5667 1931 5741 In
1985 5667 2238 5763 capite
2292 5687 2476 5743 vero
2518 5665 2770 5757 vallis,
2810 5686 3007 5761 quae
3059 5663 3308 5739 monti
3364 5662 3731 5756 subiacet,
3786 5660 4101 5739 ecclesia
