4642 6650
1194 736 1282 803 64
1652 759 1672 778 ·
2172 756 2226 801 s.
2275 756 2538 801 simma·
2583 757 3077 801 rsamomm‘rto

1196 998 1392 1070 quae
1428 976 1700 1050 civitas
1740 998 1981 1071 usque
2020 977 2097 1049 in
2134 973 2360 1049 hodie
2398 978 2538 1049 est.
2577 974 2777 1049 Nam
2816 977 2898 1048 et
2935 973 3248 1049 ecclesia
3286 996 3458 1047 cum
3496 973 3842 1069 episcopo
3890 994 4069 1047 vere

1198 1104 1459 1175 sancto
1490 1104 1573 1175 et
1600 1102 1969 1175 monacho
1999 1104 2080 1175 et
2107 1091 2580 1175 confessore¹
2624 1099 2880 1189 habet,
2912 1102 2994 1172 et
3029 1100 3408 1196 martyria
3444 1099 3865 1193 aliquanta.
3896 1097 4074 1192 Ipsa

1197 1226 1436 1299 etiam
1492 1227 1761 1299 civitas
1817 1225 2214 1297 abundans
2273 1224 2771 1298 multitudine
2827 1224 3223 1296 hominum
3279 1227 3396 1298 est
3423 1214 3471 1296 ²:
3514 1245 3694 1296 nam
3731 1228 3814 1294 et
3858 1221 4074 1293 miles

1193 1349 1300 1422 ibi
1356 1349 1569 1422 sedet
1598 1370 1770 1421 cum
1807 1349 2122 1422 tribuno
2163 1370 2325 1422 suo.
2367 1348 2583 1422 Unde
2622 1348 2869 1421 denuo
2910 1348 3404 1443 proficiscenS,
3452 1345 3938 1441 pervenimus
3992 1344 4073 1416 in

1192 1477 1497 1548 nomine
1555 1473 1833 1548 Christi
1873 1474 2017 1548 Dei
2056 1475 2302 1548 nostri
2331 1474 2731 1548 Edessam:
2778 1474 2906 1548 ubi
2942 1496 3113 1548 cum
3152 1473 3773 1568 pervenissemus,
3805 1473 4072 1546 statim

1190 1598 1661 1693 perreximus
1701 1598 1799 1671 ad
1835 1599 2224 1673 ecclesiam
2280 1601 2362 1672 et
2417 1598 2514 1672 ad
2570 1599 3030 1694 martyrium
3068 1599 3314 1672 sancti
3343 1597 3681 1672 Thomae
3707 1587 3759 1670 ³.
3799 1596 4071 1690 Itaque

1196 1745 1378 1822 ergo
1434 1725 1651 1797 iuxta
1705 1725 2334 1799 consuetudinem
2390 1725 2612 1800 factis
2662 1725 3162 1815 orationibus,
3222 1728 3304 1799 et
3360 1727 3615 1798 cetera
3644 1744 3841 1819 quae
3897 1744 4069 1796 con-

1195 1850 1520 1924 suetudo
1559 1852 1728 1923 erat
1766 1846 1929 1922 fieri
1969 1850 2048 1921 in
2083 1849 2266 1923 locis
2303 1851 2610 1925 sanctis:
2652 1872 2792 1925 nec
2820 1873 2974 1924 non
3012 1851 3250 1925 etiam
3288 1853 3369 1926 et
3408 1850 3809 1946 aliquanta
3839 1847 4073 1942 ipsius

1167 1969 1439 2048 'sancti
1493 1971 1826 2046 Thomae
1865 1973 1971 2046 ibi
2007 1973 2331 2069 legimus
2358 1964 2411 2046 ⁴.
2453 1974 2783 2048 Ecclesia
2821 1977 3083 2048 autem
3121 1975 3251 2064 ibi,
3295 1996 3489 2070 quae
3527 1977 3647 2047 est
3684 1973 3949 2068 ingens
3994 1974 4075 2045 et

1193 2097 1419 2174 valde
1474 2097 1789 2194 pulchra
1842 2101 1922 2172 et
1975 2120 2179 2174 nova
2236 2099 2752 2194 dispositione,
2786 2103 2877 2173 ut
2912 2121 3091 2174 vere
3129 2098 3362 2197 digna
3415 2102 3534 2175 est
3587 2120 3748 2173 esse
3803 2096 4072 2170 domus

1196 2216 1410 2313 Dei;⁵
1447 2226 1529 2297 et
1558 2224 1918 2319 quoniam
1947 2225 2197 2297 multa
2234 2228 2483 2317 erant,
2524 2248 2720 2320 quae
2759 2225 2866 2299 ibi
2904 2224 3426 2299 desiderabam
3458 2225 3747 2316 videre,
3777 2243 4078 2297 necesse

1199 2370 1320 2423 me
1375 2349 1526 2422 fuit
1577 2347 1686 2421 ibi
1740 2348 2030 2423 stativa
2063 2348 2430 2423 triduana
2468 2349 2742 2425 facere.
2803 2351 2911 2423 Ac
2948 2350 3053 2423 sic
3091 2372 3270 2444 ergo
3312 2349 3471 2423 vidi
3508 2350 3588 2422 in
3645 2349 3911 2423 eadem
3970 2348 4075 2442 ci-

1194 2476 1522 2552 vitatem
1578 2476 1951 2570 martyria
2004 2473 2368 2570 plurima3
2425 2496 2565 2549 nec
2600 2497 2755 2547 non
2792 2477 2872 2549 et
2916 2478 3220 2549 sanctos
3275 2473 3684 2549 monachos
3738 2495 4067 2548 comma·

1200 2601 1493 2692 nentes,
1520 2600 1710 2674 alios
1748 2621 1885 2695 per
1923 2600 2323 2697 martyria,
2365 2599 2555 2673 alios
2592 2599 2895 2694 longius
2933 2598 3025 2674 de
3064 2599 3383 2673 civitate
3420 2599 3500 2672 in
3537 2597 4074 2673 secretioribus

1202 2725 1386 2799 locis
1444 2724 1815 2798 habentes
1855 2726 2345 2799 monasteria.
2386 2723 2486 2797 Et
2525 2724 2886 2819 quoniam
2925 2727 3232 2799 sanctus
3270 2725 3662 2819 episcopus
3699 2723 3932 2820 ipsius
3971 2723 4073 2796 ci·

1200 2850 1493 2940 vitatiS,
1531 2849 1645 2924 vir
1671 2871 1848 2926 vere
1884 2848 2283 2944 religiosus
2315 2849 2555 2922 etiam
2592 2849 3029 2941 monachuS,
3061 2852 3140 2923 et
3169 2848 3549 2923 confessor
3576 2840 3627 2940 Β,
3659 2847 4072 2943 suscipiens

1196 3035 1446 3114 regrina
1484 3035 1803 3097 civitatem
1842 3034 2121 3096 Bathnas
2162 3056 2300 3096 cum
2327 3036 2582 3114 regione
2611 3037 2964 3098 Batanaeae
3000 3038 3101 3100 vel
3142 3038 3351 3099 Basan
3390 3037 3628 3116 miscet,
3673 3035 4080 3098 similitudine

1196 3134 1462 3196 nominis
1502 3134 1568 3194 in
1608 3153 1878 3194 errorem
1919 3133 2194 3213 delapsa.
2236 3133 2520 3195 Bathnae
2564 3134 2811 3213 quidem
2852 3136 3125 3196 millibus
3166 3136 3435 3215 quinque
3477 3138 3554 3196 ab
3596 3136 3912 3214 Euphrate
3955 3133 4079 3194 dis-

1197 3233 1358 3296 sitae
1400 3240 1591 3299 erant,
1622 3232 1786 3309 quod
1818 3253 1855 3292 a
1880 3232 2203 3311 Hierapoli
2231 3232 2429 3293 millia
2451 3233 2619 3292 XXI
2639 3232 2957 3294 distabant
2986 3233 3157 3313 (Itin.
3186 3234 3410 3295 Anton.
3441 3253 3500 3311 p.
3534 3235 3693 3313 191).
3730 3256 3760 3290 e
3784 3232 4003 3293 Batne.
4021 3276 4035 3291 .
4056 3276 4071 3291 .

1199 3334 1276 3393 ab
1318 3331 1635 3411 Euphrate
1674 3330 1926 3392 flumine
1969 3331 2146 3392 brevi
2190 3331 2393 3411 spatio
2438 3332 2792 3410 disparatur
2813 3355 2843 3390 »
2893 3332 3119 3412 (Amm.
3161 3333 3351 3394 Marc.
3394 3333 3572 3408 XIV,
3615 3333 3672 3407 3,
3716 3333 3798 3412 3).

1360 3429 1380 3465 ¹
1411 3431 1502 3492 Eo
1531 3437 1806 3509 tempore
1836 3429 2034 3491 officio
2067 3430 2343 3509 episcopi
2370 3430 2755 3492 Bathnarum
2781 3429 3153 3509 fungebatur
3180 3431 3567 3507 Abraamius,
3599 3430 3702 3510 qui
3731 3430 3925 3491 multa
3943 3448 4078 3507 per-

1198 3529 1347 3591 tulit
1374 3529 1492 3591 sub
1518 3528 1801 3606 Valente,
1832 3527 1974 3589 ideo
2005 3527 2325 3590 confessor
2349 3528 2728 3605 nominatur3
2758 3536 3081 3608 praeterea
3108 3528 3470 3590 monachum
3498 3536 3643 3590 ante
3669 3526 3866 3589 fuisse
3896 3547 4078 3605 quam

1199 3627 1557 3706 episcopum
1575 3646 1737 3686 nunc
1759 3626 2185 3704 comperimus
2202 3625 2436 3686 Extant
2458 3626 2537 3686 ad
2561 3646 2699 3688 eum
2713 3626 2934 3687 Basilii
2958 3627 3260 3705 epistolae
3283 3627 3438 3687 duae
3456 3626 3599 3706 (315
3617 3632 3681 3685 et
3695 3624 3859 3704 326).
3880 3622 3974 3684 Of.
3991 3622 4083 3682 Le

1201 3725 1420 3798 Quaen
1465 3724 1571 3784 Or.
1619 3723 1847 3785 Christ.
1889 3724 1961 3783 H
1998 3745 2058 3802 p.
2102 3724 2239 3784 971.
2282 3722 2633 3800 Tillemont,
2676 3724 2995 3785 Memoires
3026 3744 3194 3801 pour
3235 3726 3443 3785 l'Hz‘st.
3484 3725 3654 3783 Eccl.
3695 3722 3809 3800 VI,
3837 3742 3898 3800 p.
3944 3720 4082 3780 577.

1358 3819 1382 3856 ²
1409 3821 1611 3885 Amm.
1655 3820 1844 3881 Marc.
1888 3820 2067 3895 XIV,
2109 3823 2165 3899 2,
2211 3822 2279 3880 3:
2329 3820 2713 3882 ‹Refertum
2752 3821 3197 3883 mercatoribus
3241 3820 3572 3901 opulentis.
3603 3843 3633 3878 »

1359 3918 1384 3954 ³
1415 3919 1658 3979 Edessa
1698 3920 1848 3980 urbs
1890 3919 2241 3999 provinciae
2286 3919 2643 3981 Osdroenae
2672 3940 2794 3980 uno
2828 3920 2930 3981 die
2959 3918 3271 3982 disiuncta
3310 3941 3348 3981 a
3386 3917 3652 3980 Bathnis
3697 3916 3978 3998 (Procop.
4009 3913 4086 3974 B.

1200 4017 1378 4078 Pers.
1420 4017 1509 4093 H,
1555 4017 1689 4097 12):
1730 4018 1820 4077 ibi
1862 4038 2082 4097 corpus
2126 4018 2325 4079 sancti
2367 4018 2641 4080 Thomas
2682 4019 2946 4081 maxime
2988 4020 3320 4097 colebatur,
3364 4019 3562 4096 adque
3603 4017 3738 4078 eius
3792 4016 4089 4077 honorem

1203 4114 1467 4176 ecclesia
1505 4113 1774 4192 insignis
1816 4115 2141 4177 aedificata
2181 4123 2316 4177 erat
2357 4124 2542 4195 atque
2585 4125 2844 4178 sacrata.
2887 4117 3242 4196 Distinguit
3290 4116 3633 4194 Peregrina
3687 4113 4011 4177 ecclesiam
4050 4132 4091 4172 a

1200 4211 1496 4292 martyrio
1540 4213 1740 4275 sancti
1780 4212 2070 4291 Thomas,
2112 4235 2272 4293 nam,
2321 4214 2635 4292 aliquanto
2684 4222 2829 4292 post
2876 4214 3009 4276 eius
3063 4215 3419 4293 adventum,
3471 4235 3627 4275 anno
3669 4214 3789 4273 394
3828 4209 4091 4271 transla-

1200 4321 1329 4375 tum
1373 4320 1474 4375 est
1506 4313 1857 4391 sepulcrum
1885 4313 1950 4373 in
1977 4312 2304 4374 ecclesiam
2333 4335 2370 4375 a
2400 4314 2561 4393 Cyro
2599 4314 2885 4393 episcopo
2917 4313 3164 4395 (Chron.
3195 4313 3418 4375 Edess.
3449 4313 3546 4374 ed.
3578 4314 3655 4374 ab
3692 4314 4083 4373 Assemanno

1201 4411 1367 4473 Bibl.
1412 4411 1648 4472 Orient.
1690 4411 1725 4471 I
1763 4431 1825 4490 p.
1867 4412 2030 4491 399):
2072 4418 2217 4472 ante
2258 4410 2455 4489 igitur
2496 4433 2635 4473 eum
2675 4433 2902 4473 annum
2943 4412 3170 4474 accidit
3210 4412 3347 4491 ejus
3388 4410 3826 4492 peregrinatio.

1360 4512 1387 4545 ⁴
1414 4510 1755 4587 Aliquanta
1795 4510 1862 4570 in
1902 4530 2122 4571 manus
2163 4510 2383 4571 habuit
2424 4531 2500 4572 ex
2539 4511 2721 4573 Actis
2772 4513 2971 4573 sancti
3022 4511 3313 4591 Thomas,
3368 4531 3527 4589 quae
3586 4507 3917 4591 apocripha
3970 4505 4088 4568 sub

1204 4608 1340 4688 ejus
1386 4607 1652 4685 apostoli
1692 4606 1938 4668 nomine
1979 4613 2127 4668 tunc
2167 4608 2601 4686 vulgabantur.

1362 4703 1387 4739 ⁵
1413 4703 1511 4765 De
1554 4704 1818 4765 ecclesia
1860 4704 2163 4765 edessena
2202 4703 2295 4765 ita
2337 4703 2622 4766 Socrates
2667 4704 2859 4785 (Hist.
2903 4706 3069 4766 Eccl.
3112 4707 3153 4767 l.
3196 4706 3308 4783 IV,
3353 4726 3402 4766 c.
3448 4705 3584 4786 18):
3642 4705 3773 4765 ‹In
3823 4724 3895 4766 ea
3935 4705 4088 4766 urbe

1201 4802 1471 4864 illustris
1513 4822 1584 4863 ac
1625 4802 1954 4881 splendida
1983 4810 2081 4863 est
2110 4802 2385 4863 Basilica
2412 4803 2683 4864 Thomas
2713 4804 2998 4883 apostoli,
3025 4804 3093 4864 in
3120 4824 3243 4882 qua
3269 4811 3523 4883 propter
3548 4803 3670 4865 loci
3699 4804 4091 4865 sanctitatem

1204 4899 1499 4961 collectae
1541 4898 1676 4960 sine
1716 4898 2173 4959 intermissione
2203 4900 2597 4960 celebrantur
2619 4923 2672 4959 ».
2702 4900 2933 4961 Narrat
2958 4900 3122 4961 idem
3149 4901 3433 4980 protinus
3469 4901 3799 4962 Valentem
3838 4901 4093 4979 impera·

1203 5007 1421 5074 torem,
1443 5018 1581 5059 cum
1601 5003 1854 5077 propter
1878 4998 2049 5058 illius
2079 4996 2607 5076 pulchritudinem
2630 5018 2788 5059 anno
2817 5000 2935 5058 372
2969 5001 3065 5079 (eo
3097 4999 3261 5059 enim
3289 5006 3566 5078 tempore
3597 5005 3731 5059 erat
3751 4997 4090 5077 renovata),

1205 5118 1342 5158 eam
1380 5096 1712 5158 videndam
1753 5095 2114 5175 cupivisset,
2155 5097 2495 5158 catholicos
2539 5117 2572 5157 e
2622 5096 2756 5158 loco
2810 5097 2950 5158 eiici
3008 5104 3072 5158 et
3113 5097 3306 5157 arceri
3360 5097 3641 5158 iussisse.
3685 5096 3779 5156 Ea
3806 5095 4087 5168 ecclesia,

1205 5194 1447 5273 quando
1490 5194 1831 5273 Peregrina
1857 5195 1977 5255 iter
2004 5193 2172 5267 fecit,
2205 5202 2521 5256 exstructa
2549 5202 2684 5256 erat
2711 5217 2867 5255 nova
2895 5200 3286 5272 dispositione
3305 5219 3322 5254 ε
3365 5216 3521 5273 quae
3549 5216 3652 5256 res
3682 5194 3761 5255 ad
3801 5192 4089 5255 Valentis

1205 5300 1454 5371 tempus
1493 5293 1782 5371 proprius
1825 5290 2081 5369 accedit,
2123 5292 2190 5352 id
2232 5300 2333 5354 est
2374 5292 2560 5371 paulo
2600 5300 2746 5372 post
2786 5294 2923 5372 ejus
2963 5301 3252 5372 mortem,
3294 5301 3366 5354 ut
3409 5314 3485 5354 ex
3526 5293 3667 5355 aliis
3709 5292 4092 5370 argumentis

1210 5397 1455 5470 oportet
1493 5390 1819 5453 deducere.

1368 5488 1393 5526 ⁶
1419 5489 1516 5551 De
1559 5490 1821 5567 Eulogio
1866 5489 2154 5568 episcopo
2197 5488 2479 5550 Edessae
2524 5488 2625 5550 hic
2667 5490 2903 5568 agitur,
2948 5490 3054 5569 qui
3095 5494 3456 5568 persecutus
3499 5495 3598 5551 est
3638 5509 3676 5549 a
3715 5488 3997 5565 Valente,
4028 5493 4094 5548 et

1210 5586 1280 5648 in
1320 5586 1591 5649 Antinoo
1644 5586 1900 5649 civitate
1954 5587 2235 5666 Aegypti
2287 5588 2638 5666 relegatus;
2693 5588 2857 5650 unde
2911 5587 3230 5650 confessor
3280 5594 3648 5649 nominatur.
3700 5587 3779 5647 In
3833 5586 4094 5663 Mal-tyr.
